<?xml version="1.0" encoding="UTF-8"?>
<!DOCTYPE html PUBLIC "-//W3C//DTD XHTML 1.0 Transitional//EN"
    "http://www.w3.org/TR/xhtml1/DTD/xhtml1-transitional.dtd">
<html xmlns="http://www.w3.org/1999/xhtml" xml:lang="en" lang="en">
 <head>
  <title>
</title>
<meta http-equiv="Content-Type" content="text/html;charset=utf-8" />
  <meta name='ocr-system' content='tesseract 3.04.00' />
  <meta name='ocr-capabilities' content='ocr_page ocr_carea ocr_par ocr_line ocrx_word'/>
</head>
<body>
  <div class='ocr_page' id='page_1' title='image "./cicerostusculan01chasgoog_0049.png"; bbox 0 0 2420 4102; ppageno 0'>
   <div class='ocr_carea' id='block_1_1' title="bbox 230 333 956 418">
    <p class='ocr_par' dir='ltr' id='par_1_1' title="bbox 230 333 956 418">
     <span class='ocr_line' id='line_1_1' title="bbox 230 333 956 418; baseline -0.004 -18"><span class='ocrx_word' id='word_1_1' title='bbox 230 333 272 400; x_wconf 80' lang='grc'><strong>18</strong></span> <span class='ocrx_word' id='word_1_2' title='bbox 312 405 318 418; x_wconf 57' lang='grc'><strong>,</strong></span> <span class='ocrx_word' id='word_1_3' title='bbox 394 353 658 398; x_wconf 70' lang='lat' dir='ltr'><strong>ruscnmusnun</strong></span> <span class='ocrx_word' id='word_1_4' title='bbox 681 354 956 398; x_wconf 75' lang='lat' dir='ltr'><strong>nrsrurarrorrurr</strong></span> 
     </span>
    </p>
   </div>
   <div class='ocr_carea' id='block_1_2' title="bbox 273 522 1191 605">
    <p class='ocr_par' dir='ltr' id='par_1_2' title="bbox 273 522 1191 605">
     <span class='ocr_line' id='line_1_2' title="bbox 273 522 1191 605; baseline -0.002 -19"><span class='ocrx_word' id='word_1_5' title='bbox 273 523 349 586; x_wconf 89' lang='lat' dir='ltr'><strong>XV.</strong></span> <span class='ocrx_word' id='word_1_6' title='bbox 376 523 469 600; x_wconf 75' lang='lat' dir='ltr'><strong>Quid</strong></span> <span class='ocrx_word' id='word_1_7' title='bbox 491 524 524 584; x_wconf 93' lang='lat' dir='ltr'><strong>in</strong></span> <span class='ocrx_word' id='word_1_8' title='bbox 543 523 604 584; x_wconf 89' lang='lat' dir='ltr'><strong>hae</strong></span> <span class='ocrx_word' id='word_1_9' title='bbox 619 543 652 584; x_wconf 91' lang='lat' dir='ltr'><strong>re</strong></span> <span class='ocrx_word' id='word_1_10' title='bbox 668 522 801 605; x_wconf 89' lang='lat' dir='ltr'><strong>publica</strong></span> <span class='ocrx_word' id='word_1_11' title='bbox 816 527 868 585; x_wconf 91' lang='lat' dir='ltr'><strong>tot</strong></span> <span class='ocrx_word' id='word_1_12' title='bbox 882 528 1062 604; x_wconf 90' lang='lat' dir='ltr'><strong>tantosque</strong></span> <span class='ocrx_word' id='word_1_13' title='bbox 1079 525 1124 586; x_wconf 86' lang='lat' dir='ltr'><strong>vi·</strong></span> <span class='ocrx_word' id='word_1_14' title='bbox 1190 561 1191 566; x_wconf 22' lang='grc' dir='ltr'><strong><em>κ</em></strong></span> 
     </span>
    </p>
   </div>
   <div class='ocr_carea' id='block_1_3' title="bbox 227 626 1123 1118">
    <p class='ocr_par' dir='ltr' id='par_1_3' title="bbox 227 626 1123 1118">
     <span class='ocr_line' id='line_1_3' title="bbox 227 626 1122 710; baseline -0.002 -20"><span class='ocrx_word' id='word_1_15' title='bbox 227 648 289 705; x_wconf 91' lang='lat' dir='ltr'><strong>ros,</strong></span> <span class='ocrx_word' id='word_1_16' title='bbox 306 630 432 689; x_wconf 89' lang='lat' dir='ltr'><strong>obrem</strong></span> <span class='ocrx_word' id='word_1_17' title='bbox 455 626 622 709; x_wconf 85' lang='lat' dir='ltr'>publicam</span> <span class='ocrx_word' id='word_1_18' title='bbox 637 627 836 705; x_wconf 86' lang='lat' dir='ltr'><strong>interfectos,</strong></span> <span class='ocrx_word' id='word_1_19' title='bbox 851 628 1017 710; x_wconf 81' lang='lat' dir='ltr'>cogitasse</span> <span class='ocrx_word' id='word_1_20' title='bbox 1040 629 1122 689; x_wconf 87' lang='lat' dir='ltr'><strong>arbi-</strong></span> 
     </span>
     <span class='ocr_line' id='line_1_4' title="bbox 227 728 1123 813; baseline -0.001 -19"><span class='ocrx_word' id='word_1_21' title='bbox 227 729 375 795; x_wconf 77' lang='lat' dir='ltr'><strong>tramur?</strong></span> <span class='ocrx_word' id='word_1_22' title='bbox 398 731 560 792; x_wconf 88' lang='lat' dir='ltr'><strong>iisdemne</strong></span> <span class='ocrx_word' id='word_1_23' title='bbox 575 737 614 792; x_wconf 86' lang='lat' dir='ltr'><strong>ut</strong></span> <span class='ocrx_word' id='word_1_24' title='bbox 628 728 751 792; x_wconf 89' lang='lat' dir='ltr'>finibus</span> <span class='ocrx_word' id='word_1_25' title='bbox 773 750 895 794; x_wconf 88' lang='lat' dir='ltr'><strong>nomen</strong></span> <span class='ocrx_word' id='word_1_26' title='bbox 918 751 1030 810; x_wconf 89' lang='lat' dir='ltr'><strong>suurn,</strong></span> <span class='ocrx_word' id='word_1_27' title='bbox 1052 733 1123 813; x_wconf 93' lang='lat' dir='ltr'><strong>qui·</strong></span> 
     </span>
     <span class='ocr_line' id='line_1_5' title="bbox 228 832 1122 915; baseline -0.001 -18"><span class='ocrx_word' id='word_1_28' title='bbox 228 838 290 897; x_wconf 92' lang='lat' dir='ltr'><strong>bus</strong></span> <span class='ocrx_word' id='word_1_29' title='bbox 319 836 398 912; x_wconf 88' lang='lat' dir='ltr'><strong>vita,</strong></span> <span class='ocrx_word' id='word_1_30' title='bbox 427 832 678 897; x_wconf 77' lang='lat' dir='ltr'><strong>terminaretur?</strong></span> <span class='ocrx_word' id='word_1_31' title='bbox 731 833 839 896; x_wconf 85' lang='lat' dir='ltr'><strong>Nemo</strong></span> <span class='ocrx_word' id='word_1_32' title='bbox 869 854 1022 915; x_wconf 90' lang='lat' dir='ltr'><strong>unquam</strong></span> <span class='ocrx_word' id='word_1_33' title='bbox 1052 835 1122 896; x_wconf 86' lang='lat' dir='ltr'><strong>sine</strong></span> 
     </span>
     <span class='ocr_line' id='line_1_6' title="bbox 228 935 1122 1021; baseline -0.002 -20"><span class='ocrx_word' id='word_1_34' title='bbox 228 959 351 1021; x_wconf 86' lang='lat' dir='ltr'><strong>magna</strong></span> <span class='ocrx_word' id='word_1_35' title='bbox 367 959 424 1021; x_wconf 87' lang='lat' dir='ltr'><strong>spe</strong></span> <span class='ocrx_word' id='word_1_36' title='bbox 444 938 703 1000; x_wconf 76' lang='lat' dir='ltr'><strong>immortalitatis</strong></span> <span class='ocrx_word' id='word_1_37' title='bbox 726 958 762 998; x_wconf 87' lang='lat' dir='ltr'><strong>se</strong></span> <span class='ocrx_word' id='word_1_38' title='bbox 785 958 842 1020; x_wconf 91' lang='lat' dir='ltr'><strong>pro</strong></span> <span class='ocrx_word' id='word_1_39' title='bbox 865 939 972 1019; x_wconf 90' lang='lat' dir='ltr'><strong>patria</strong></span> <span class='ocrx_word' id='word_1_40' title='bbox 994 935 1122 1000; x_wconf 89' lang='lat' dir='ltr'><strong>offerret</strong></span> 
     </span>
     <span class='ocr_line' id='line_1_7' title="bbox 228 1035 1122 1118; baseline 0 -16"><span class='ocrx_word' id='word_1_41' title='bbox 228 1041 271 1103; x_wconf 89' lang='lat' dir='ltr'><strong>ad</strong></span> <span class='ocrx_word' id='word_1_42' title='bbox 284 1047 432 1102; x_wconf 89' lang='lat' dir='ltr'><strong>mortem.</strong></span> <span class='ocrx_word' id='word_1_43' title='bbox 476 1040 528 1104; x_wconf 84' lang='lat'><strong>33.</strong></span> <span class='ocrx_word' id='word_1_44' title='bbox 554 1035 667 1103; x_wconf 80' lang='lat' dir='ltr'><strong>Licuit</strong></span> <span class='ocrx_word' id='word_1_45' title='bbox 684 1061 755 1102; x_wconf 87' lang='lat' dir='ltr'><strong>esse</strong></span> <span class='ocrx_word' id='word_1_46' title='bbox 776 1042 884 1102; x_wconf 88' lang='lat' dir='ltr'><strong>otioso</strong></span> <span class='ocrx_word' id='word_1_47' title='bbox 897 1041 1122 1118; x_wconf 83' lang='lat' dir='ltr'><strong>Themistocli,</strong></span> 
     </span>
    </p>
   </div>
   <div class='ocr_carea' id='block_1_4' title="bbox 1188 855 1193 922">
    <p class='ocr_par' dir='ltr' id='par_1_4' title="bbox 1188 855 1193 922">
     <span class='ocr_line' id='line_1_8' title="bbox 1188 855 1193 922; baseline 0 -8"><span class='ocrx_word' id='word_1_48' title='bbox 1188 855 1193 922; x_wconf 85' lang='lat' dir='ltr'><strong>l</strong></span> 
     </span>
    </p>
   </div>
   <div class='ocr_carea' id='block_1_5' title="bbox 152 1139 1193 1226">
    <p class='ocr_par' dir='ltr' id='par_1_5' title="bbox 152 1139 1193 1226">
     <span class='ocr_line' id='line_1_9' title="bbox 152 1139 1193 1226; baseline 0 -20"><span class='ocrx_word' id='word_1_49' title='bbox 152 1139 155 1145; x_wconf 47' lang='lat'><strong>¹</strong></span> <span class='ocrx_word' id='word_1_50' title='bbox 228 1143 322 1206; x_wconf 84' lang='lat' dir='ltr'><strong>licuit</strong></span> <span class='ocrx_word' id='word_1_51' title='bbox 338 1143 604 1226; x_wconf 82' lang='lat' dir='ltr'><strong>Epaminondae,</strong></span> <span class='ocrx_word' id='word_1_52' title='bbox 619 1142 722 1221; x_wconf 89' lang='lat' dir='ltr'><strong>licuit,</strong></span> <span class='ocrx_word' id='word_1_53' title='bbox 738 1165 779 1205; x_wconf 90' lang='lat' dir='ltr'><strong>ne</strong></span> <span class='ocrx_word' id='word_1_54' title='bbox 795 1150 829 1205; x_wconf 85' lang='lat' dir='ltr'><strong>et</strong></span> <span class='ocrx_word' id='word_1_55' title='bbox 844 1149 953 1206; x_wconf 85' lang='lat' dir='ltr'><strong>vetera</strong></span> <span class='ocrx_word' id='word_1_56' title='bbox 971 1150 1006 1206; x_wconf 89' lang='lat' dir='ltr'><strong>et</strong></span> <span class='ocrx_word' id='word_1_57' title='bbox 1021 1150 1120 1206; x_wconf 81' lang='lat' dir='ltr'><strong>exter·</strong></span> <span class='ocrx_word' id='word_1_58' title='bbox 1192 1157 1193 1160; x_wconf 76' lang='grc'>’</span> 
     </span>
    </p>
   </div>
   <div class='ocr_carea' id='block_1_6' title="bbox 227 1246 1120 1432">
    <p class='ocr_par' dir='ltr' id='par_1_6' title="bbox 227 1246 1120 1432">
     <span class='ocr_line' id='line_1_10' title="bbox 228 1246 1120 1328; baseline 0.001 -20"><span class='ocrx_word' id='word_1_59' title='bbox 228 1268 272 1309; x_wconf 90' lang='lat' dir='ltr'><strong>na</strong></span> <span class='ocrx_word' id='word_1_60' title='bbox 287 1267 454 1328; x_wconf 89' lang='lat' dir='ltr'><strong>quaeram,</strong></span> <span class='ocrx_word' id='word_1_61' title='bbox 470 1247 570 1326; x_wconf 78' lang='lat' dir='ltr'><strong>mihi3</strong></span> <span class='ocrx_word' id='word_1_62' title='bbox 592 1247 660 1325; x_wconf 88' lang='lat' dir='ltr'><strong>sed,</strong></span> <span class='ocrx_word' id='word_1_63' title='bbox 676 1248 787 1309; x_wconf 87' lang='lat' dir='ltr'><strong>neseio</strong></span> <span class='ocrx_word' id='word_1_64' title='bbox 803 1267 870 1328; x_wconf 95' lang='lat' dir='ltr'><strong>quo</strong></span> <span class='ocrx_word' id='word_1_65' title='bbox 886 1246 997 1324; x_wconf 91' lang='lat' dir='ltr'><strong>modo,</strong></span> <span class='ocrx_word' id='word_1_66' title='bbox 1010 1247 1120 1309; x_wconf 88' lang='lat' dir='ltr'><strong>inhae-</strong></span> 
     </span>
     <span class='ocr_line' id='line_1_11' title="bbox 227 1349 1120 1432; baseline 0 -20"><span class='ocrx_word' id='word_1_67' title='bbox 227 1355 277 1413; x_wconf 89' lang='lat' dir='ltr'><strong>ret</strong></span> <span class='ocrx_word' id='word_1_68' title='bbox 290 1352 325 1412; x_wconf 91' lang='lat' dir='ltr'><strong>in</strong></span> <span class='ocrx_word' id='word_1_69' title='bbox 341 1351 508 1413; x_wconf 87' lang='lat' dir='ltr'><strong>mentibus</strong></span> <span class='ocrx_word' id='word_1_70' title='bbox 523 1351 619 1432; x_wconf 84' lang='lat' dir='ltr'><strong>quasi</strong></span> <span class='ocrx_word' id='word_1_71' title='bbox 640 1350 846 1413; x_wconf 87' lang='lat' dir='ltr'><strong>saeculorum</strong></span> <span class='ocrx_word' id='word_1_72' title='bbox 870 1349 1041 1430; x_wconf 87' lang='lat' dir='ltr'><strong>quoddam</strong></span> <span class='ocrx_word' id='word_1_73' title='bbox 1065 1371 1120 1413; x_wconf 90' lang='lat' dir='ltr'><strong>au-</strong></span> 
     </span>
    </p>
   </div>
   <div class='ocr_carea' id='block_1_7' title="bbox 228 1453 1119 1538">
    <p class='ocr_par' dir='ltr' id='par_1_7' title="bbox 228 1439 1194 1538">
     <span class='ocr_line' id='line_1_12' title="bbox 228 1453 1119 1538; baseline 0 -22"><span class='ocrx_word' id='word_1_74' title='bbox 228 1455 360 1538; x_wconf 86' lang='lat' dir='ltr'><strong>gurium</strong></span> <span class='ocrx_word' id='word_1_75' title='bbox 389 1455 585 1531; x_wconf 89' lang='lat' dir='ltr'><strong>futurorum,</strong></span> <span class='ocrx_word' id='word_1_76' title='bbox 606 1453 708 1534; x_wconf 92' lang='lat' dir='ltr'><strong>idque</strong></span> <span class='ocrx_word' id='word_1_77' title='bbox 734 1454 768 1515; x_wconf 91' lang='lat' dir='ltr'><strong>in</strong></span> <span class='ocrx_word' id='word_1_78' title='bbox 795 1455 952 1516; x_wconf 89' lang='lat' dir='ltr'><strong>maximis</strong></span> <span class='ocrx_word' id='word_1_79' title='bbox 977 1454 1119 1536; x_wconf 88' lang='lat' dir='ltr'><strong>ingeniis</strong></span> 
     </span>
    </p>
   </div>
   <div class='ocr_carea' id='block_1_8' title="bbox 228 1553 1118 1641">
    <p class='ocr_par' dir='ltr' id='par_1_8' title="bbox 228 1553 1118 1641">
     <span class='ocr_line' id='line_1_13' title="bbox 228 1553 1118 1641; baseline -0.001 -21"><span class='ocrx_word' id='word_1_80' title='bbox 228 1553 464 1640; x_wconf 87' lang='lat' dir='ltr'><strong>altissimisque</strong></span> <span class='ocrx_word' id='word_1_81' title='bbox 480 1559 601 1620; x_wconf 92' lang='lat' dir='ltr'><strong>animis</strong></span> <span class='ocrx_word' id='word_1_82' title='bbox 616 1564 651 1619; x_wconf 88' lang='lat' dir='ltr'><strong>et</strong></span> <span class='ocrx_word' id='word_1_83' title='bbox 665 1558 794 1619; x_wconf 86' lang='lat' dir='ltr'><strong>exsistit</strong></span> <span class='ocrx_word' id='word_1_84' title='bbox 809 1558 963 1634; x_wconf 86' lang='lat' dir='ltr'><strong>maxime,</strong></span> <span class='ocrx_word' id='word_1_85' title='bbox 975 1564 1009 1619; x_wconf 88' lang='lat' dir='ltr'><strong>et</strong></span> <span class='ocrx_word' id='word_1_86' title='bbox 1020 1579 1118 1641; x_wconf 90' lang='lat' dir='ltr'><strong>appa-</strong></span> 
     </span>
    </p>
   </div>
   <div class='ocr_carea' id='block_1_9' title="bbox 226 1661 1195 1743">
    <p class='ocr_par' dir='ltr' id='par_1_9' title="bbox 226 1661 1195 1743">
     <span class='ocr_line' id='line_1_14' title="bbox 226 1661 1195 1743; baseline 0 -19"><span class='ocrx_word' id='word_1_87' title='bbox 226 1668 276 1724; x_wconf 90' lang='lat' dir='ltr'><strong>ret</strong></span> <span class='ocrx_word' id='word_1_88' title='bbox 297 1662 461 1723; x_wconf 86' lang='lat' dir='ltr'><strong>facillime.</strong></span> <span class='ocrx_word' id='word_1_89' title='bbox 518 1661 598 1736; x_wconf 76' lang='lat' dir='ltr'><strong>Quo</strong></span> <span class='ocrx_word' id='word_1_90' title='bbox 621 1661 758 1742; x_wconf 87' lang='lat' dir='ltr'><strong>quidem</strong></span> <span class='ocrx_word' id='word_1_91' title='bbox 780 1661 929 1743; x_wconf 87' lang='lat' dir='ltr'><strong>dempto,</strong></span> <span class='ocrx_word' id='word_1_92' title='bbox 950 1663 1027 1742; x_wconf 91' lang='lat' dir='ltr'><strong>quis</strong></span> <span class='ocrx_word' id='word_1_93' title='bbox 1050 1667 1119 1724; x_wconf 91' lang='lat' dir='ltr'><strong>tam</strong></span> <span class='ocrx_word' id='word_1_94' title='bbox 1194 1701 1195 1714; x_wconf 30' lang='grc' dir='ltr'><strong>κ</strong></span> 
     </span>
    </p>
   </div>
   <div class='ocr_carea' id='block_1_10' title="bbox 227 1764 1120 1928">
    <p class='ocr_par' dir='ltr' id='par_1_10' title="bbox 227 1764 1120 1928">
     <span class='ocr_line' id='line_1_15' title="bbox 228 1764 1120 1847; baseline 0.004 -23"><span class='ocrx_word' id='word_1_95' title='bbox 228 1770 315 1825; x_wconf 88' lang='lat' dir='ltr'><strong>esset</strong></span> <span class='ocrx_word' id='word_1_96' title='bbox 330 1784 455 1842; x_wconf 87' lang='lat' dir='ltr'><strong>amens,</strong></span> <span class='ocrx_word' id='word_1_97' title='bbox 470 1764 529 1844; x_wconf 92' lang='lat' dir='ltr'><strong>qui</strong></span> <span class='ocrx_word' id='word_1_98' title='bbox 544 1785 672 1847; x_wconf 89' lang='lat' dir='ltr'><strong>semper</strong></span> <span class='ocrx_word' id='word_1_99' title='bbox 686 1765 721 1828; x_wconf 92' lang='lat' dir='ltr'><strong>in</strong></span> <span class='ocrx_word' id='word_1_100' title='bbox 736 1764 904 1826; x_wconf 88' lang='lat' dir='ltr'><strong>laboribus</strong></span> <span class='ocrx_word' id='word_1_101' title='bbox 920 1770 954 1826; x_wconf 87' lang='lat' dir='ltr'><strong>et</strong></span> <span class='ocrx_word' id='word_1_102' title='bbox 968 1764 1120 1847; x_wconf 85' lang='lat' dir='ltr'><strong>periculis</strong></span> 
     </span>
     <span class='ocr_line' id='line_1_16' title="bbox 227 1864 373 1928; baseline 0.014 -1"><span class='ocrx_word' id='word_1_103' title='bbox 227 1864 373 1928; x_wconf 75' lang='lat' dir='ltr'><strong>viveret?</strong></span> 
     </span>
    </p>
   </div>
   <div class='ocr_carea' id='block_1_11' title="bbox 270 1969 1196 2054">
    <p class='ocr_par' dir='ltr' id='par_1_11' title="bbox 270 1969 1196 2054">
     <span class='ocr_line' id='line_1_17' title="bbox 270 1969 1196 2054; baseline 0.003 -22"><span class='ocrx_word' id='word_1_104' title='bbox 270 1969 322 2032; x_wconf 79' lang='lat'><strong>34.</strong></span> <span class='ocrx_word' id='word_1_105' title='bbox 346 1969 480 2051; x_wconf 91' lang='lat' dir='ltr'><strong>Loquor</strong></span> <span class='ocrx_word' id='word_1_106' title='bbox 492 1969 533 2032; x_wconf 89' lang='lat' dir='ltr'><strong>de</strong></span> <span class='ocrx_word' id='word_1_107' title='bbox 549 1970 767 2054; x_wconf 90' lang='lat' dir='ltr'><strong>principibus:</strong></span> <span class='ocrx_word' id='word_1_108' title='bbox 783 1969 864 2053; x_wconf 91' lang='lat' dir='ltr'><strong>quid</strong></span> <span class='ocrx_word' id='word_1_109' title='bbox 876 1969 1018 2054; x_wconf 72' lang='lat' dir='ltr'><strong>poetae?</strong></span> <span class='ocrx_word' id='word_1_110' title='bbox 1042 1993 1120 2034; x_wconf 91' lang='lat' dir='ltr'><strong>non·</strong></span> <span class='ocrx_word' id='word_1_111' title='bbox 1195 2013 1196 2026; x_wconf 29' lang='grc' dir='ltr'><strong>κ</strong></span> 
     </span>
    </p>
   </div>
   <div class='ocr_carea' id='block_1_12' title="bbox 228 2074 1119 2239">
    <p class='ocr_par' dir='ltr' id='par_1_12' title="bbox 228 2074 1119 2239">
     <span class='ocr_line' id='line_1_18' title="bbox 228 2074 1119 2161; baseline 0.001 -24"><span class='ocrx_word' id='word_1_112' title='bbox 228 2093 270 2137; x_wconf 88' lang='lat' dir='ltr'><strong>ne</strong></span> <span class='ocrx_word' id='word_1_113' title='bbox 292 2079 369 2156; x_wconf 86' lang='lat' dir='ltr'><strong>post</strong></span> <span class='ocrx_word' id='word_1_114' title='bbox 398 2081 537 2137; x_wconf 89' lang='lat' dir='ltr'><strong>mortem</strong></span> <span class='ocrx_word' id='word_1_115' title='bbox 566 2075 733 2137; x_wconf 92' lang='lat' dir='ltr'><strong>nobilitari</strong></span> <span class='ocrx_word' id='word_1_116' title='bbox 761 2074 901 2140; x_wconf 72' lang='lat' dir='ltr'><strong>volunt?</strong></span> <span class='ocrx_word' id='word_1_117' title='bbox 927 2075 1017 2138; x_wconf 87' lang='lat' dir='ltr'><strong>unde</strong></span> <span class='ocrx_word' id='word_1_118' title='bbox 1043 2095 1119 2161; x_wconf 84' lang='lat' dir='ltr'><strong>ergo</strong></span> 
     </span>
     <span class='ocr_line' id='line_1_19' title="bbox 228 2175 333 2239; baseline 0.01 -1"><span class='ocrx_word' id='word_1_119' title='bbox 228 2175 333 2239; x_wconf 75' lang='lat' dir='ltr'><strong>illud?</strong></span> 
     </span>
    </p>
   </div>
   <div class='ocr_carea' id='block_1_13' title="bbox 339 2312 1003 2471">
    <p class='ocr_par' dir='ltr' id='par_1_13' title="bbox 339 2312 1003 2471">
     <span class='ocr_line' id='line_1_20' title="bbox 339 2312 1003 2382; baseline 0.003 -18"><span class='ocrx_word' id='word_1_120' title='bbox 339 2312 478 2382; x_wconf 72' lang='lat' dir='ltr'><strong>Auspicia,</strong></span> <span class='ocrx_word' id='word_1_121' title='bbox 490 2331 505 2366; x_wconf 93' lang='lat' dir='ltr'><strong>o</strong></span> <span class='ocrx_word' id='word_1_122' title='bbox 517 2313 588 2380; x_wconf 76' lang='lat' dir='ltr'><strong>cives,</strong></span> <span class='ocrx_word' id='word_1_123' title='bbox 600 2313 666 2366; x_wconf 83' lang='lat' dir='ltr'><strong>senis</strong></span> <span class='ocrx_word' id='word_1_124' title='bbox 679 2313 753 2366; x_wconf 78' lang='lat' dir='ltr'><strong>Enni</strong></span> <span class='ocrx_word' id='word_1_125' title='bbox 763 2313 876 2382; x_wconf 70' lang='lat' dir='ltr'><strong>imupini‘</strong></span> <span class='ocrx_word' id='word_1_126' title='bbox 881 2313 1003 2382; x_wconf 78' lang='lat' dir='ltr'><strong>fhrmam.</strong></span> 
     </span>
     <span class='ocr_line' id='line_1_21' title="bbox 366 2400 980 2471; baseline 0.002 -18"><span class='ocrx_word' id='word_1_127' title='bbox 366 2400 418 2453; x_wconf 83' lang='lat' dir='ltr'><strong>Hic</strong></span> <span class='ocrx_word' id='word_1_128' title='bbox 430 2407 538 2454; x_wconf 72' lang='lat' dir='ltr'><strong>vostrum</strong></span> <span class='ocrx_word' id='word_1_129' title='bbox 544 2402 639 2471; x_wconf 76' lang='lat' dir='ltr'><strong>panxit</strong></span> <span class='ocrx_word' id='word_1_130' title='bbox 650 2417 769 2453; x_wconf 78' lang='lat' dir='ltr'><strong>maxuma</strong></span> <span class='ocrx_word' id='word_1_131' title='bbox 774 2400 852 2469; x_wconf 83' lang='lat' dir='ltr'><strong>sacta</strong></span> <span class='ocrx_word' id='word_1_132' title='bbox 864 2411 980 2470; x_wconf 78' lang='lat' dir='ltr'><strong>potrum.</strong></span> 
     </span>
    </p>
   </div>
   <div class='ocr_carea' id='block_1_14' title="bbox 228 2540 1118 2729">
    <p class='ocr_par' dir='ltr' id='par_1_14' title="bbox 228 2540 1118 2729">
     <span class='ocr_line' id='line_1_22' title="bbox 230 2540 1118 2628; baseline 0.001 -23"><span class='ocrx_word' id='word_1_133' title='bbox 230 2540 416 2605; x_wconf 85' lang='lat' dir='ltr'><strong>Mercedem</strong></span> <span class='ocrx_word' id='word_1_134' title='bbox 433 2543 554 2626; x_wconf 85' lang='lat' dir='ltr'><strong>gloriae</strong></span> <span class='ocrx_word' id='word_1_135' title='bbox 578 2541 709 2626; x_wconf 89' lang='lat' dir='ltr'><strong>flagitat</strong></span> <span class='ocrx_word' id='word_1_136' title='bbox 725 2544 766 2604; x_wconf 93' lang='lat' dir='ltr'><strong>ab</strong></span> <span class='ocrx_word' id='word_1_137' title='bbox 782 2543 832 2622; x_wconf 80' lang='lat' dir='ltr'><strong>iis,</strong></span> <span class='ocrx_word' id='word_1_138' title='bbox 848 2563 988 2628; x_wconf 83' lang='lat' dir='ltr'><strong>quorum</strong></span> <span class='ocrx_word' id='word_1_139' title='bbox 1011 2549 1118 2626; x_wconf 81' lang='lat' dir='ltr'><strong>patres</strong></span> 
     </span>
     <span class='ocr_line' id='line_1_23' title="bbox 228 2643 702 2729; baseline -0.006 -20"><span class='ocrx_word' id='word_1_140' title='bbox 228 2643 381 2709; x_wconf 83' lang='lat' dir='ltr'><strong>affecerat</strong></span> <span class='ocrx_word' id='word_1_141' title='bbox 395 2647 516 2729; x_wconf 82' lang='lat' dir='ltr'><strong>gloria3</strong></span> <span class='ocrx_word' id='word_1_142' title='bbox 538 2646 702 2726; x_wconf 89' lang='lat' dir='ltr'><strong>idemque,</strong></span> 
     </span>
    </p>
   </div>
   <div class='ocr_carea' id='block_1_15' title="bbox 364 2784 991 2942">
    <p class='ocr_par' dir='ltr' id='par_1_15' title="bbox 364 2784 991 2942">
     <span class='ocr_line' id='line_1_24' title="bbox 364 2784 982 2856; baseline 0.003 -20"><span class='ocrx_word' id='word_1_143' title='bbox 364 2784 446 2836; x_wconf 85' lang='lat' dir='ltr'><strong>Nemo</strong></span> <span class='ocrx_word' id='word_1_144' title='bbox 457 2800 496 2835; x_wconf 83' lang='lat' dir='ltr'><strong>me</strong></span> <span class='ocrx_word' id='word_1_145' title='bbox 507 2784 627 2836; x_wconf 77' lang='lat' dir='ltr'><strong>lacrumis</strong></span> <span class='ocrx_word' id='word_1_146' title='bbox 638 2785 744 2849; x_wconf 82' lang='lat' dir='ltr'><strong>decoret,</strong></span> <span class='ocrx_word' id='word_1_147' title='bbox 755 2803 802 2837; x_wconf 85' lang='lat' dir='ltr'><strong>nec</strong></span> <span class='ocrx_word' id='word_1_148' title='bbox 807 2785 982 2856; x_wconf 61' lang='lat' dir='ltr'><strong>firneruflctu</strong></span> 
     </span>
     <span class='ocr_line' id='line_1_25' title="bbox 401 2869 991 2942; baseline 0.003 -20"><span class='ocrx_word' id='word_1_149' title='bbox 401 2869 486 2922; x_wconf 67' lang='lat' dir='ltr'><strong>Faxo.</strong></span> <span class='ocrx_word' id='word_1_150' title='bbox 525 2869 597 2924; x_wconf 75' lang='lat' dir='ltr'><strong>Curi</strong></span> <span class='ocrx_word' id='word_1_151' title='bbox 619 2870 697 2925; x_wconf 81' lang='lat' dir='ltr'><strong>Volito</strong></span> <span class='ocrx_word' id='word_1_152' title='bbox 709 2872 774 2924; x_wconf 82' lang='lat' dir='ltr'><strong>viuu&#39;</strong></span> <span class='ocrx_word' id='word_1_153' title='bbox 781 2890 832 2942; x_wconf 81' lang='lat' dir='ltr'><strong>per</strong></span> <span class='ocrx_word' id='word_1_154' title='bbox 842 2890 888 2925; x_wconf 86' lang='lat' dir='ltr'><strong>ora</strong></span> <span class='ocrx_word' id='word_1_155' title='bbox 900 2873 991 2925; x_wconf 68' lang='lat' dir='ltr'><strong>virum.</strong></span> 
     </span>
    </p>
   </div>
   <div class='ocr_carea' id='block_1_16' title="bbox 227 3009 1119 3612">
    <p class='ocr_par' dir='ltr' id='par_1_16' title="bbox 227 3009 1119 3612">
     <span class='ocr_line' id='line_1_26' title="bbox 231 3009 1119 3096; baseline 0.003 -22"><span class='ocrx_word' id='word_1_156' title='bbox 231 3009 298 3074; x_wconf 68' lang='lat' dir='ltr'><strong>ssd</strong></span> <span class='ocrx_word' id='word_1_157' title='bbox 314 3010 392 3092; x_wconf 92' lang='lat' dir='ltr'><strong>quid</strong></span> <span class='ocrx_word' id='word_1_158' title='bbox 410 3009 550 3093; x_wconf 71' lang='lat' dir='ltr'><strong>politas?</strong></span> <span class='ocrx_word' id='word_1_159' title='bbox 597 3011 742 3096; x_wconf 89' lang='lat' dir='ltr'><strong>Opifices</strong></span> <span class='ocrx_word' id='word_1_160' title='bbox 758 3019 834 3095; x_wconf 91' lang='lat' dir='ltr'><strong>post</strong></span> <span class='ocrx_word' id='word_1_161' title='bbox 849 3019 987 3075; x_wconf 88' lang='lat' dir='ltr'><strong>mortem</strong></span> <span class='ocrx_word' id='word_1_162' title='bbox 1004 3015 1119 3077; x_wconf 90' lang='lat' dir='ltr'><strong>nobili·</strong></span> 
     </span>
     <span class='ocr_line' id='line_1_27' title="bbox 227 3114 1118 3192; baseline 0.003 -16"><span class='ocrx_word' id='word_1_163' title='bbox 227 3115 291 3176; x_wconf 88' lang='lat' dir='ltr'><strong>tari</strong></span> <span class='ocrx_word' id='word_1_164' title='bbox 313 3115 437 3176; x_wconf 92' lang='lat' dir='ltr'><strong>volunt.</strong></span> <span class='ocrx_word' id='word_1_165' title='bbox 491 3114 585 3192; x_wconf 76' lang='lat' dir='ltr'><strong>Quid</strong></span> <span class='ocrx_word' id='word_1_166' title='bbox 608 3116 697 3177; x_wconf 89' lang='lat' dir='ltr'><strong>enim</strong></span> <span class='ocrx_word' id='word_1_167' title='bbox 728 3116 863 3178; x_wconf 92' lang='lat' dir='ltr'><strong>Phidias</strong></span> <span class='ocrx_word' id='word_1_168' title='bbox 894 3117 947 3178; x_wconf 89' lang='lat' dir='ltr'><strong>sui</strong></span> <span class='ocrx_word' id='word_1_169' title='bbox 976 3117 1118 3179; x_wconf 88' lang='lat' dir='ltr'><strong>similem</strong></span> 
     </span>
     <span class='ocr_line' id='line_1_28' title="bbox 229 3219 1118 3304; baseline 0.003 -24"><span class='ocrx_word' id='word_1_170' title='bbox 229 3220 372 3302; x_wconf 87' lang='lat' dir='ltr'><strong>speciem</strong></span> <span class='ocrx_word' id='word_1_171' title='bbox 387 3219 521 3283; x_wconf 89' lang='lat' dir='ltr'><strong>inclusit</strong></span> <span class='ocrx_word' id='word_1_172' title='bbox 541 3221 576 3282; x_wconf 92' lang='lat' dir='ltr'><strong>in</strong></span> <span class='ocrx_word' id='word_1_173' title='bbox 598 3220 715 3304; x_wconf 90' lang='lat' dir='ltr'><strong>clypeo</strong></span> <span class='ocrx_word' id='word_1_174' title='bbox 741 3219 921 3300; x_wconf 87' lang='lat' dir='ltr'><strong>Minervae,</strong></span> <span class='ocrx_word' id='word_1_175' title='bbox 945 3241 1052 3300; x_wconf 91' lang='lat' dir='ltr'><strong>quum</strong></span> <span class='ocrx_word' id='word_1_176' title='bbox 1072 3223 1118 3283; x_wconf 91' lang='lat' dir='ltr'><strong>in·</strong></span> 
     </span>
     <span class='ocr_line' id='line_1_29' title="bbox 228 3321 1118 3408; baseline 0 -24"><span class='ocrx_word' id='word_1_177' title='bbox 228 3323 364 3384; x_wconf 83' lang='lat' dir='ltr'><strong>scribere</strong></span> <span class='ocrx_word' id='word_1_178' title='bbox 389 3343 454 3384; x_wconf 92' lang='lat' dir='ltr'><strong>non</strong></span> <span class='ocrx_word' id='word_1_179' title='bbox 484 3322 614 3385; x_wconf 79' lang='lat' dir='ltr'><strong>liceret?</strong></span> <span class='ocrx_word' id='word_1_180' title='bbox 662 3322 755 3398; x_wconf 77' lang='lat' dir='ltr'><strong>Quid</strong></span> <span class='ocrx_word' id='word_1_181' title='bbox 783 3325 886 3385; x_wconf 85' lang='lat' dir='ltr'><strong>nostri</strong></span> <span class='ocrx_word' id='word_1_182' title='bbox 908 3321 1118 3408; x_wconf 75' lang='lat' dir='ltr'><strong>philosophi?</strong></span> 
     </span>
     <span class='ocr_line' id='line_1_30' title="bbox 227 3426 1117 3509; baseline 0.003 -21"><span class='ocrx_word' id='word_1_183' title='bbox 227 3445 336 3488; x_wconf 88' lang='lat' dir='ltr'><strong>nonne</strong></span> <span class='ocrx_word' id='word_1_184' title='bbox 359 3427 394 3489; x_wconf 93' lang='lat' dir='ltr'><strong>in</strong></span> <span class='ocrx_word' id='word_1_185' title='bbox 416 3427 457 3488; x_wconf 90' lang='lat' dir='ltr'><strong>iis</strong></span> <span class='ocrx_word' id='word_1_186' title='bbox 478 3427 560 3509; x_wconf 88' lang='lat' dir='ltr'><strong>ipsis</strong></span> <span class='ocrx_word' id='word_1_187' title='bbox 581 3426 683 3505; x_wconf 89' lang='lat' dir='ltr'><strong>libris,</strong></span> <span class='ocrx_word' id='word_1_188' title='bbox 705 3447 789 3508; x_wconf 94' lang='lat' dir='ltr'><strong>quos</strong></span> <span class='ocrx_word' id='word_1_189' title='bbox 812 3429 958 3488; x_wconf 89' lang='lat' dir='ltr'><strong>scribunt</strong></span> <span class='ocrx_word' id='word_1_190' title='bbox 980 3428 1022 3490; x_wconf 92' lang='lat' dir='ltr'><strong>de</strong></span> <span class='ocrx_word' id='word_1_191' title='bbox 1045 3447 1117 3491; x_wconf 87' lang='lat' dir='ltr'><strong>con·</strong></span> 
     </span>
     <span class='ocr_line' id='line_1_31' title="bbox 227 3527 984 3612; baseline 0 -22"><span class='ocrx_word' id='word_1_192' title='bbox 227 3527 407 3592; x_wconf 86' lang='lat' dir='ltr'><strong>temnenda</strong></span> <span class='ocrx_word' id='word_1_193' title='bbox 422 3528 535 3612; x_wconf 90' lang='lat' dir='ltr'><strong>gloria,</strong></span> <span class='ocrx_word' id='word_1_194' title='bbox 550 3549 613 3590; x_wconf 86' lang='lat' dir='ltr'><strong>sua</strong></span> <span class='ocrx_word' id='word_1_195' title='bbox 627 3529 764 3590; x_wconf 87' lang='lat' dir='ltr'><strong>nomina</strong></span> <span class='ocrx_word' id='word_1_196' title='bbox 778 3528 984 3591; x_wconf 77' lang='lat' dir='ltr'><strong>inscribunt?</strong></span> 
     </span>
    </p>
   </div>
   <div class='ocr_carea' id='block_1_17' title="bbox 0 0 1214 4102">
    <p class='ocr_par' dir='ltr' id='par_1_17' title="bbox 0 0 1214 4102">
     <span class='ocr_line' id='line_1_32' title="bbox 0 0 1214 4102; baseline 0 0"><span class='ocrx_word' id='word_1_197' title='bbox 0 0 1214 4102; x_wconf 95' lang='lat' dir='ltr'><strong> </strong></span> 
     </span>
    </p>
   </div>
  </div>
 </body>
</html>
