2450 4096
181 275 227 340 40
348 295 610 339 ruscunannauu
632 295 907 338 orsrurnrronuu

183 483 204 524 a
225 483 259 524 re
280 462 423 546 publica,
445 483 549 544 quum
572 481 593 524 a
614 463 749 546 negotio
765 463 857 524 omni
877 481 1075 524 sevocamun

183 563 353 627 animum‘l
377 565 467 646 quid,
485 565 634 645 inquam,
655 571 729 626 tum
752 565 893 648 agimus,
916 564 982 626 nisi
1004 565 1074 626 ani·

183 687 276 730 mum
292 667 386 730 adse
402 669 513 750 ipsum
529 666 743 745 advocamus,
759 687 871 729 secum
888 687 960 728 esse
983 669 1073 750 cogi·

182 791 267 847 mus,
283 771 492 850 maximeque
508 789 528 832 a
543 789 674 852 corpore
690 767 913 832 abducimus'l
962 769 1073 831 Secer·

182 893 257 934 nere
280 878 393 934 autem
416 892 437 933 a
459 892 592 954 corpore
615 873 775 949 animum,
801 872 1071 953 necquidquam

182 973 282 1050 aliud,
298 979 349 1035 est
365 975 448 1035 mori
470 973 602 1036 discere.
650 973 764 1049 Quare
788 975 850 1035 hoc
871 980 1071 1036 commente-

181 1095 263 1151 mur,
280 1075 360 1136 milri
377 1075 480 1151 crede,
496 1074 792 1160 disjungamusque
809 1097 869 1137 nos
891 1097 912 1138 a
934 1077 1071 1158 corpori-

182 1178 253 1253 bus,
276 1176 310 1238 id
333 1182 392 1253 est,
414 1195 671 1241 consuescamus
688 1179 780 1240 mori.
827 1177 902 1240 Hoc
924 1183 967 1255 et,
989 1179 1070 1240 dum

180 1279 301 1340 erimus
317 1279 351 1339 in
366 1279 466 1355 terris,
481 1281 542 1341 erit
556 1280 601 1341 illi
616 1280 749 1342 caelesti
770 1281 859 1342 vitae
881 1280 1006 1359 simile;
1028 1287 1070 1358 et,

180 1402 284 1463 quum
301 1381 378 1444 illuc
393 1403 432 1442 ex
448 1383 498 1444 his
513 1382 654 1455 vinculis
669 1383 780 1444 emissi
795 1383 943 1459 feremur,
959 1385 1069 1445 minus

179 1485 361 1548 tardabitur
375 1506 489 1547 cursus
512 1486 708 1547 animorum.
755 1485 843 1547 Nam
859 1486 917 1566 qui
932 1487 967 1548 in
982 1505 1069 1548 com·

179 1589 318 1670 pedibus
348 1588 489 1670 corporis
519 1607 647 1669 semper
675 1588 819 1667 fuerunt,
842 1589 944 1650 etiam
964 1609 1068 1668 quum

178 1689 278 1750 soluti
301 1694 387 1764 sunt,
410 1689 535 1750 tardius
550 1689 786 1772 ingrediuntur,
802 1697 839 1752 ut
853 1692 889 1769 ii,
909 1692 967 1772 qui
987 1692 1068 1753 ferro

178 1792 279 1852 vincti
302 1790 424 1852 multos
440 1811 545 1852 annos
560 1792 704 1857 luerunt.
752 1793 832 1869 Quo
848 1814 953 1875 quum
972 1815 1066 1856 vene·

178 1895 293 1972 rimus,
315 1900 388 1956 tum
411 1894 555 1976 denique
576 1895 736 1958 vivemus.
782 1896 871 1959 Nam
895 1897 976 1959 haec
998 1898 1066 1978 qui·

177 1997 253 2058 dem
270 1999 339 2060 vita
354 2017 442 2060 mors
464 2005 531 2078 est;
553 2019 656 2080 quam
678 1998 851 2062 lamentari
873 2020 1015 2083 possem,
1038 2001 1065 2063 si

176 2100 299 2162 liberet

221 2201 272 2263 76.
296 2201 337 2266 A.
365 2199 454 2264 Satis
476 2208 515 2266 tu
537 2204 672 2286 quidem
701 2205 736 2267 iu
770 2205 1005 2268 Consolatione
1031 2227 1065 2269 es

175 2304 397 2368 lamentatus:
421 2326 522 2386 quam
539 2329 643 2388 quum
658 2306 743 2390 lego,
760 2309 839 2370 nihil
854 2309 951 2386 malo,
964 2330 1063 2390 quam

176 2408 236 2471 has
251 2431 300 2472 res
315 2409 512 2490 relinquere,
535 2411 586 2472 his
602 2430 676 2472 vero
692 2410 793 2472 modo
810 2411 942 2488 auditis,
958 2413 1063 2474 multo

175 2513 292 2595 magis.
338 2513 387 2577 M.
415 2512 535 2576 Veniet
550 2520 691 2596 tempus,
707 2513 889 2593 etquidem
911 2513 1063 2593 celeriter,

175 2620 209 2675 et
231 2617 299 2676 sive
321 2617 511 2677 retractabis
534 2618 602 2677 sive
629 2617 833 2698 properabis;
862 2616 953 2678 volat
975 2619 1063 2679 enim

175 2724 277 2778 aetas
324 2719 471 2778 Tantum
487 2723 600 2778 autem
624 2721 718 2782 abest
740 2723 781 2780 ab
804 2741 854 2797 eo,
876 2725 915 2781 ut
937 2721 1062 2784 malum

174 2837 261 2878 mors
284 2818 336 2894 sit,
358 2817 448 2898 quod
470 2819 532 2879 tibi
553 2818 682 2882 dudum
697 2823 877 2900 videbatur,
893 2829 931 2885 ut
945 2844 1062 2900 verear,

173 2939 215 2980 ne
231 2919 358 2980 homini
382 2919 462 2980 nibil
484 2921 528 2981 sit
550 2941 617 2984 non
639 2922 765 2986 malum
788 2925 878 2986 aliud
894 2931 989 3002 certe,
1005 2926 1062 2988 sed

173 3021 255 3084 nibil
269 3024 395 3085 bonum
412 3023 503 3085 aliud
518 3026 648 3107 potius3
673 3028 700 3088 si
716 3027 849 3109 quidem
863 3029 913 3090 vel
926 3030 973 3092 dii
989 3031 1061 3113 ipsi,

174 3125 225 3186 vel
254 3146 331 3187 cum
361 3126 425 3190 diis
454 3127 557 3190 futuri
587 3151 712 3192 sumus.
741 3131 797 3194 Ἀ.
824 3132 919 3208 Quid
943 3131 1060 3195 referti

174 3227 221 3292 M.
247 3228 380 3292 Adsunt
402 3231 501 3308 enim,
517 3233 576 3312 qui
598 3234 679 3295 baec
702 3254 767 3296 non
792 3238 938 3317 probent.
986 3235 1060 3320 Ego

173 3339 286 3395 autem
317 3353 488 3414 nunquam
511 3334 559 3396 ita
581 3340 614 3396 te
636 3335 671 3397 in
692 3337 755 3399 hoc
776 3359 925 3401 sermone
950 3339 1061 3410 dimit-

171 3442 253 3512 tam,
275 3438 344 3502 ulla
366 3439 416 3501 uti
436 3439 564 3502 ratione
594 3459 681 3502 mors
710 3439 772 3502 tibi
800 3441 903 3504 videri
932 3441 1059 3505 malum

172 3539 286 3618 possit
