2450 4096
1 3515 3 3570 l

1 3573 2 3601 r

381 384 483 428 ursus
505 386 527 428 r.
573 385 643 429 cnr.
664 387 785 432 xnvur.
989 367 1032 432 63

132 551 252 616 Simile
276 552 438 634 quiddam
461 560 512 618 est
533 556 569 618 in
588 557 827 622 Consolatione
846 558 1031 621 Crantoris:

130 658 182 720 ait
203 657 303 735 enim,
329 657 530 721 Terinaeum
552 660 722 741 quendam
742 662 907 748 Elysium,
926 683 1032 744 quum

130 763 276 844 graviter
304 759 366 824 filii
387 767 528 826 mortem
551 773 719 846 maereret,
748 768 878 830 venisse
900 767 935 829 in
958 788 1032 850 psy-

131 867 375 944 chomantium,
405 874 629 948 quaerentem,
660 891 747 952 quae
777 872 902 934 fuisset
917 876 1033 934 tantae

131 969 336 1033 calamitatis
367 991 490 1051 causa;
520 973 598 1036 huic
619 973 652 1036 in
676 975 808 1039 tabellis
831 981 896 1040 tres
919 975 1033 1058 hujus·

131 1074 228 1137 modi
241 1073 421 1138 versiculos
437 1075 534 1138 datos
547 1098 554 1138 :

273 1196 377 1266 Ipnoi-ic
388 1197 499 1250 honines
510 1198 539 1250 in
550 1198 602 1252 vita
613 1200 734 1254 mmuhur
745 1210 848 1255 errant:

274 1284 427 1352 Euthynous
434 1286 540 1354 potitur,
545 1287 664 1355 satorum
676 1289 786 1355 annuae,
798 1289 854 1344 lete.

277 1373 789 1450 marrurerufinrspsparurque.

177 1498 253 1563 116.
279 1499 344 1562 His
359 1505 394 1562 et
407 1499 531 1564 talibus
544 1502 735 1565 auctoribus
751 1503 814 1581 usi,
827 1502 1034 1583 confirmant,

131 1625 275 1668 causam
296 1606 395 1667 rebus
425 1627 446 1668 a
475 1606 539 1668 diis
569 1606 813 1670 immortalibus
839 1607 1035 1690 judicatam.

134 1708 331 1772 Alcidamas
361 1709 510 1791 quidem,
539 1711 648 1773 rhetor
677 1711 834 1793 antiquus
864 1713 898 1774 in
922 1713 1035 1796 primis

131 1812 267 1891 nobilis,
283 1814 413 1897 scripsit
428 1815 531 1876 ctiam
545 1814 776 1878 laudationem
800 1818 924 1894 mettin,
948 1838 1035 1899 quae

132 1923 270 1982 constat
284 1940 323 1982 ex
340 1921 590 1984 enumeratione
614 1920 837 1983 humanorum
861 1920 1034 1983 malorum.

122 2023 205 2092 ‚Cui
219 2023 365 2086 rationes
381 2044 450 2101 eae,
465 2041 552 2104 quac
568 2023 765 2106 exquisitius
788 2045 809 2086 a
831 2024 1036 2109 philosophis

132 2127 348 2212 colliguntur,
364 2127 549 2207 defuerunt,
565 2130 699 2191 ubertas
715 2130 875 2192 orationis
898 2151 965 2193 non
981 2129 1035 2193 de·

132 2232 211 2296 fuit.

184 2337 302 2400 Clarae
324 2358 400 2399 vero
424 2343 556 2415 mortes,
571 2359 629 2421 pro
645 2339 752 2422 patria
769 2339 947 2422 oppetitae,
968 2359 1036 2402 non

135 2439 248 2504 solum
282 2440 443 2524 gloriosae
474 2442 667 2518 rhetoribus,
701 2441 758 2504 sed
788 2443 891 2503 etiam
917 2443 1036 2504 beatae

135 2545 242 2608 videri
268 2545 384 2607 solent.
444 2545 615 2629 Repetunt
645 2547 688 2607 ab
716 2545 911 2622 Erechtheo,
941 2546 1036 2628 cujus

136 2650 242 2713 etiam
279 2648 376 2712 filiae·
398 2649 519 2732 cupide
549 2655 690 2712 mortem
720 2649 949 2732 expetiverunt
978 2670 1036 2732 pro

138 2753 212 2816 vita
227 2753 369 2831 civium;
396 2751 553 2830 Codrum,
569 2753 627 2834 qui
643 2775 678 2816 se
693 2753 728 2816 in
745 2753 874 2816 medios
896 2754 1038 2816 immisit
1122 2787 1125 2793 ·

136 2861 261 2937 hostes,
276 2866 368 2921 veste
383 2857 547 2936 famulari,
563 2879 605 2922 ne
619 2866 733 2942 posset
748 2861 894 2944 agnosci,
907 2861 936 2922 si
950 2865 1039 2922 esset

137 2971 259 3028 ornatu
273 2964 374 3048 regio,
389 2963 480 3045 quod
503 2963 674 3026 oraculum
697 2970 768 3027 erat
789 2964 916 3041 datum,
932 2965 960 3027 si
981 2985 1038 3026 rex

136 3069 331 3132 interiectus
346 3074 443 3146 esset,
455 3067 603 3130 victrices
617 3067 768 3130 Athenas
780 3068 858 3130 fore.
905 3067 1040 3131 Menoe·

138 3193 218 3236 cens
242 3193 310 3234 non
325 3172 605 3255 praetermittitur,
620 3173 679 3252 qni
693 3172 774 3233 item
791 3171 924 3233 oraculo
947 3171 1038 3232 edito

137 3277 278 3360 largitus
294 3283 345 3339 est
360 3276 485 3360 patriae
498 3296 598 3338 suurn
611 3275 819 3358 sanguinem.
866 3275 1039 3359 Iphigenia

142 3381 266 3445 Aulide
289 3381 367 3444 duci
390 3401 425 3444 se
447 3378 690 3442 immolandam
719 3377 824 3461 jubet,
846 3386 881 3440 ut
902 3377 1039 3440 hostium

143 3485 303 3573 [sanguis]
330 3485 478 3550 eliciatur
498 3503 566 3548 suo.
613 3479 765 3546 Veniunt
793 3482 871 3544 inde
894 3480 937 3543 ad
966 3499 1038 3565 pro·

141 3611 243 3678 prora.
