2420 4102
218 304 261 370 22
384 325 647 368 rusounnussuu
670 325 946 368 orsrurrrrornm

219 493 362 556 dilucide
385 493 514 572 dicitur,
537 497 597 556 aut
618 494 736 574 quinta
763 493 819 556 illa
841 515 908 556 non
939 493 1112 556 nominata

219 598 326 681 magis
343 619 445 678 quam
462 619 527 658 non
544 596 712 660 intellecta
728 604 864 660 natura:
889 597 994 659 multo
1011 599 1111 662 etiam

217 703 395 786 integriora
410 724 450 764 ac
471 703 713 786 puriorasunt,
730 709 767 764 ut
783 723 803 764 a
821 710 905 764 terra
920 702 1113 785 longissime

219 828 254 868 se
277 805 422 870 efferant.
470 805 600 868 Horum
622 806 724 889 igitur
747 805 873 886 aliquid
896 807 1030 868 animus
1053 812 1112 885 est,

219 916 346 972 netem
363 916 480 993 vegeta
495 930 589 972 ruens
606 910 714 972 autin
731 909 827 972 corde
850 912 1031 988 cerebrove,
1054 916 1114 972 aut

219 1015 254 1078 in
270 1013 495 1096 Empedocleo
511 995 673 1096 sanguine
689 1012 838 1075 demersa
850 1013 969 1096 jaceat

264 1116 397 1180 XVIII.
443 1116 685 1180 Dicaearchum
707 1138 783 1178 vero
814 1137 891 1180 cum
916 1117 1114 1180 Aristoxeno
1200 1200 1202 1203 Ι

220 1220 352 1302 aequali
374 1227 408 1282 et
429 1220 656 1304 condiscipulo
679 1241 751 1298 suc,
774 1220 890 1284 doctos
913 1241 993 1284 sane
1009 1221 1115 1283 homi-

221 1347 289 1404 nes,
319 1325 534 1388 omittamus:
564 1345 706 1406 quorum
729 1325 873 1386 alterne
903 1324 1115 1387 condoluisse

220 1430 355 1513 quidem
371 1449 520 1511 unquam
535 1429 674 1505 videtur,
689 1429 748 1510 qui
770 1429 921 1491 animum
937 1449 972 1490 se
995 1429 1115 1492 habere

220 1555 288 1600 non
318 1535 458 1612 sentiat;
481 1533 562 1595 alter
583 1533 631 1595 ita
654 1532 835 1594 delectatur
858 1533 926 1594 suis
950 1533 1114 1611 cantibus,

219 1645 259 1701 ut
277 1659 333 1700 eos
357 1639 458 1700 etiam
484 1638 527 1700 ad
550 1638 631 1698 haec
647 1638 817 1698 transferre
840 1642 984 1698 conetur.
1030 1636 1115 1698 Har-

220 1742 369 1804 moniam
402 1745 515 1801 autem
549 1760 589 1801 ex
619 1740 798 1802 intervallis
824 1760 980 1802 sonorum
1015 1761 1115 1802 nosse
1205 1782 1208 1789 ι

220 1864 408 1928 possumus,
423 1863 564 1924 quorum
588 1844 677 1904 varia
699 1845 896 1926 compositio
918 1843 1020 1906 etiam
1044 1845 1115 1905 har-

220 1948 350 2010 monias
366 1945 466 2010 efficit
488 1946 614 2029 plures;
637 1949 858 2009 membrorum
881 1967 957 2009 vero
980 1948 1065 2009 situs
1081 1953 1115 2010 et

218 2051 325 2134 figura
341 2052 492 2135 corporis,
507 2072 630 2114 vacans
652 2052 785 2128 anImO,
797 2072 898 2131 quam
922 2052 1028 2134 possit
1044 2052 1113 2115 har·

219 2156 369 2218 moniam
393 2154 529 2233 efficere,
551 2177 618 2217 non
640 2155 746 2218 video.
793 2155 861 2218 sed
892 2157 943 2218 hle
966 2156 1113 2236 quidem,

219 2261 373 2341 quamvis
397 2259 544 2322 eruditus
568 2261 620 2337 sit,
643 2261 730 2322 sicut
751 2265 811 2337 est,
840 2262 922 2322 haec
952 2260 1112 2342 magistro
1203 2319 1207 2340 ,

219 2363 381 2427 concedat
404 2363 590 2442 Aristoteli;
613 2384 729 2425 canere
751 2364 822 2446 ipse
846 2363 973 2426 doceat
1019 2363 1112 2426 Bene

218 2469 307 2532 enim
323 2469 378 2531 illo
398 2469 600 2531 Graecorum
615 2469 784 2551 proverbio
800 2469 1006 2551 praecipitur,

325 2580 406 2641 Quom
423 2585 527 2650 palaque
544 2579 610 2631 norit
627 2578 713 2642 &aaa
731 2578 759 2630 in
776 2579 825 2630 luc
840 2595 867 2630 se
884 2580 1005 2630 exerceat.

216 2675 270 2738 42.
296 2675 391 2738 Illam
405 2697 481 2737 vero
497 2676 647 2738 funditus
670 2677 841 2759 ejiciamus
863 2676 1110 2740 individuorum

217 2799 390 2861 corporum
415 2778 538 2841 levium
560 2786 595 2841 et
616 2781 832 2844 rotundorum
858 2782 1110 2846 concursionem

217 2882 408 2944 fortuitam:
443 2902 544 2962 quam
575 2890 689 2948 tamen
724 2884 933 2948 Democritus
963 2885 1111 2948 concale-

217 2986 343 3047 factam
359 2991 393 3047 et
408 2986 605 3070 spirabilem,
621 2987 656 3049 id
672 2994 723 3050 est
737 2989 926 3066 animalem,
942 3010 1014 3050 csse
1030 2989 1110 3051 vult

262 3088 295 3150 Is
311 3095 423 3152 autem
440 3090 581 3168 animus,
599 3092 667 3172 qui,
690 3093 719 3154 si
741 3098 791 3154 est
813 3093 930 3154 horum
953 3099 1110 3173 quattuor

218 3212 385 3274 generum,
401 3214 440 3254 ex
457 3195 579 3274 quibus
595 3196 709 3256 omnia
725 3202 875 3258 constare
891 3196 1054 3273 dicuntur,
1070 3214 1108 3256 ex

216 3293 426 3358 inflammata
442 3298 555 3360 anima
571 3305 711 3375 constat,
726 3305 765 3361 ut
780 3301 992 3381 potissimum
1008 3299 1107 3362 videri

216 3398 313 3461 video
338 3398 509 3479 Panaetio,
532 3402 699 3484 superiora
721 3410 873 3486 capessat
896 3424 1030 3465 necesse
1051 3409 1106 3464 est

218 3501 307 3566 Nihil
339 3503 428 3566 enim
455 3505 580 3566 habent
609 3505 691 3566 haec
717 3504 784 3566 duo
808 3527 928 3588 genera
950 3507 1053 3590 proni,
1076 3510 1106 3566 et
