2450 4096
197 309 239 374 76
466 328 619 373 sonurun
643 329 819 373 scrrronrs.

197 503 266 562 tem
291 498 444 562 Paullum
469 497 646 582 patrem'l”
695 499 807 575 Quem
831 499 889 562 ubi
911 498 987 578 vidi,
1003 499 1093 582 equi·

198 603 275 666 dem
304 604 371 666 vim
401 603 609 666 lacrimarum
633 603 782 686 profudi,
812 603 866 666 ille
896 610 1010 666 autem
1037 625 1092 666 me

199 707 390 791 complexus
407 714 507 789 atque
523 706 676 770 osculans
693 706 768 770 flere
785 708 987 790 prohibebat.

244 813 355 894 Atque
365 832 437 896 ego,
446 817 484 874 ut
496 813 648 894 primum,
659 810 738 874 fletu
749 833 904 895 repress0,
916 810 1006 893 loqui
1019 832 1092 895 pos-

199 937 234 978 se
250 917 354 998 coepi,
369 920 388 956 “
402 915 571 994 Quaeso,''
588 917 736 997 inquam,
751 922 768 955 “
779 921 871 999 pater
883 917 1092 978 sanctissime

199 1026 299 1101 atque
315 1021 452 1102 optime,
467 1021 626 1102 quoniam
643 1021 724 1084 baec
740 1026 791 1083 est
812 1021 890 1098 vita,
905 1026 945 1082 ut
968 1021 1092 1083 Africa-

200 1145 281 1186 num
305 1123 406 1186 audio
429 1124 545 1202 dicere,
567 1124 649 1206 quid
672 1145 779 1188 moror
800 1125 834 1186 in
863 1122 979 1186 terris?
1010 1125 1092 1206 quin

199 1224 265 1288 huc
287 1224 330 1288 ad
346 1246 404 1287 vos
416 1225 524 1287 venire
537 1247 672 1310 propero
683 1225 697 1288 i
707 1227 725 1260 ”
770 1233 787 1266 “
800 1226 877 1288 Non
890 1231 940 1288 est
951 1227 1028 1304 ita,”
1045 1227 1092 1287 in·

199 1329 272 1410 quit
294 1329 359 1393 ille.
403 1329 508 1392 “Nisi
531 1331 619 1392 enim
643 1329 725 1392 deus
748 1331 787 1408 is,
810 1331 904 1414 cujus
928 1330 990 1392 boc
1011 1336 1092 1392 tem-

199 1433 292 1518 plum
308 1441 358 1497 est
373 1455 472 1498 omne
494 1435 585 1517 quod
608 1435 781 1518 conspicis,
796 1435 869 1496 istis
891 1441 925 1496 te
947 1435 1090 1518 corporis

199 1539 358 1602 custodiis
381 1539 573 1618 liberaverit,
596 1539 661 1601 buc
682 1539 744 1601 tibi
768 1539 879 1601 aditus
895 1544 1007 1622 patere
1023 1559 1090 1600 non

199 1650 317 1727 potest.
364 1644 527 1706 Homines
549 1645 638 1706 enim
662 1650 740 1706 sunt
762 1645 824 1707 hac
846 1645 918 1728 lege
934 1645 1091 1728 generati,

199 1749 257 1828 qui
273 1753 441 1809 tuerentur
455 1747 548 1809 illum
565 1747 711 1830 globum,
723 1769 823 1831 quern
838 1749 871 1810 in
890 1750 951 1811 hoc
965 1749 1090 1832 templo

199 1851 348 1914 medium
364 1851 466 1930 vides,
481 1873 567 1933 quae
579 1858 662 1914 terra
678 1853 814 1931 dicitur;
830 1853 946 1935 hisque
958 1855 1090 1915 animus

199 1956 298 2018 datus
314 1963 364 2020 est
380 1979 419 2018 ex
435 1957 498 2020 illis
512 1959 720 2042 sempiternis
735 1960 878 2043 ignibus,
888 1979 974 2040 quae
985 1959 1092 2021 sidera
1122 2017 1130 2032 ,

153 2047 158 2058 ’
199 2066 233 2122 et
249 2059 358 2122 stellas
374 2063 511 2141 vocatiS,
526 2084 622 2144 quae,
638 2063 794 2146 globosae
810 2069 844 2126 et
857 2063 1029 2141 rotundae,
1045 2063 1092 2124 di·

199 2165 285 2226 vinis
301 2166 469 2228 animatae
485 2169 661 2245 mentibus,
677 2167 814 2230 circulos
837 2189 915 2231 suos
931 2170 1092 2249 orbesque

200 2267 381 2332 conficiunt
409 2269 573 2333 celeritate
604 2271 753 2334 mirabili.
816 2271 929 2347 Quare
959 2279 992 2334 et
1021 2273 1092 2349 tibi,

201 2372 308 2452 Publi,
331 2381 366 2437 et
380 2374 443 2458 piis
466 2377 621 2438 omnibus
636 2375 826 2438 retinendus
842 2382 893 2438 est
908 2377 1041 2438 animus
1057 2377 1092 2438 in

200 2479 353 2542 custodia
375 2481 526 2563 corporis,
553 2501 614 2542 nec
642 2480 772 2563 injussu
803 2479 883 2563 ejus,
906 2501 927 2541 a
949 2500 1015 2561 quo
1039 2480 1091 2541 ille

200 2589 252 2646 est
272 2585 366 2646 vobis
389 2584 497 2662 datuS,
520 2606 560 2646 ex
584 2586 758 2648 bominum
780 2584 849 2646 vita
880 2583 1091 2668 migrandum

200 2693 259 2765 est,
282 2709 323 2750 ne
346 2709 468 2750 munus
491 2689 675 2750 humanum
699 2689 908 2772 assignatum
924 2709 944 2750 a
960 2687 1023 2750 deo
1038 2688 1092 2748 de·

199 2790 324 2874 fugisse
340 2789 532 2855 videamini.
581 2790 648 2852 Sed
671 2792 727 2869 sie,
746 2791 869 2875 Scipio,
885 2797 923 2854 ut
941 2812 1023 2854 avus
1040 2792 1092 2853 bic

199 2899 289 2971 tuus,
305 2898 343 2955 ut
358 2913 430 2976 ego,
446 2895 504 2975 qui
519 2899 551 2955 te
568 2895 678 2978 genui,
697 2895 863 2978 justitiam
886 2895 957 2958 cole
978 2901 1012 2958 et
1026 2897 1092 2977 pie-

199 3003 323 3060 tatem:
346 3019 432 3079 quae
455 3019 560 3080 quum
584 2999 627 3061 sit
648 3019 773 3083 magna
794 3000 829 3062 in
852 3001 1044 3084 parentibus
1060 3005 1093 3060 et

200 3101 403 3187 propinquis,
418 3108 490 3165 tum
512 3103 546 3165 in
563 3104 669 3186 patria
686 3105 832 3167 maxima
847 3111 908 3168 est.
956 3103 1009 3167 Ea
1026 3105 1093 3164 vita

199 3207 255 3269 via
271 3207 370 3270 estin
386 3207 525 3285 caelum,
541 3213 575 3270 et
589 3208 622 3270 in
641 3208 728 3270 hunc
743 3214 876 3270 coetum
893 3229 1017 3286 eorum,
1036 3207 1093 3288 qui

197 3312 267 3396 jam
291 3313 450 3390 vixerunt,
481 3317 514 3374 et
536 3333 668 3396 corpore
691 3313 792 3374 laxati
819 3311 913 3374 illum
943 3311 1093 3374 incolunt

199 3417 310 3479 locum
326 3437 425 3498 quem
437 3416 559 3497 vides,’'
573 3417 654 3501 (erat
665 3422 777 3478 autem
788 3416 815 3478 is
826 3415 1092 3498 splendidissimo

201 3521 341 3582 candore
357 3522 440 3584 inter
454 3519 608 3583 flammas
628 3520 766 3582 circulus
790 3519 945 3604 elucens,)
964 3526 1092 3601 “quem
