2420 4102
169 259 232 332 ,12
351 281 615 329 ruscumnasmr
638 284 911 331 nrsrurnrronmr

187 465 223 514 ra
246 447 391 516 maxima
414 454 510 515 esset.
553 449 636 535 Ejus
658 450 772 515 doctor
796 450 892 515 Plato
913 451 1078 536 triplicem

187 547 284 614 finxit
304 552 472 629 animum3
494 552 589 636 eujus
611 552 841 638 principatum,
862 554 898 617 id
912 561 965 616 est
978 557 1076 620 ratio·

188 673 275 730 nem,
300 654 335 716 in
359 654 478 737 capite,
496 655 584 722 sieut
607 655 645 724 in,
669 677 752 734 aree,
778 658 901 740 posuit,
929 664 962 721 et
991 658 1077 722 duas

188 764 296 840 partes
312 757 342 818 ei
358 778 467 840 parere
483 757 597 835 voluit,
611 759 694 826 iram
709 767 744 821 et
754 760 981 845 cupiditatem,
993 783 1078 842 quas

188 860 269 923 locis
284 861 451 942 disclusit;
473 863 555 924 irarn
570 863 605 924 in
621 869 761 946 pectore,
772 863 988 947 cupiditatem
1002 867 1078 928 sub-

188 969 237 1025 ter
259 963 447 1046 praecordia
468 963 599 1028 locavit
642 965 693 1028 21.
717 965 937 1034 Dicaearchus
962 973 1078 1031 autern

188 1066 223 1126 in
250 1087 290 1126 eo
316 1087 476 1143 sermone,
500 1088 599 1148 quern
628 1069 776 1134 Corinthi
799 1069 947 1137 habiturn
972 1071 1081 1137 tribus,

189 1167 277 1232 libris
293 1171 436 1251 exponit,
452 1169 623 1236 doctorum
640 1172 812 1235 hominurn
824 1172 1079 1254 disputantium,

190 1273 294 1353 primo
309 1271 390 1334 lihro
407 1272 529 1342 multos
543 1272 715 1354 loquentes
730 1274 820 1351 facit,
839 1273 970 1336 duobus
995 1275 1078 1340 Phe-

189 1381 344 1444 recratern
360 1375 536 1456 quendam,
554 1375 744 1443 Phthiotam
761 1397 883 1454 senem,
905 1397 1004 1458 quern
1025 1379 1079 1443 ait

189 1499 210 1540 a
232 1477 434 1542 Deucalione
460 1487 578 1557 ortum,
600 1477 812 1546 disserentem
835 1478 974 1558 inducit,
997 1479 1079 1545 nihil

189 1602 261 1650 esse
276 1583 412 1648 omuino
428 1583 588 1660 animum,
603 1588 637 1648 et
652 1581 714 1650 hoc
729 1603 800 1646 esse
822 1600 946 1650 nornen
966 1588 1079 1650 totum

189 1684 297 1761 inane,
317 1685 500 1765 frustraque
522 1691 556 1747 et
573 1685 730 1752 animalia
756 1691 790 1754 et
811 1686 1002 1754 arnmanles.
1021 1707 1083 1771 apt

191 1786 324 1868 penarir,
345 1807 451 1868 neque
481 1787 514 1849 in
545 1787 678 1853 homine
708 1789 816 1854 inesse
845 1789 998 1866 animuin
1025 1787 1082 1858 vel

191 1891 347 1967 animam,
362 1910 423 1954 nec
437 1889 470 1955 in
483 1890 603 1967 bestia3
620 1890 751 1972 vimque
764 1911 901 1958 omnem
910 1911 997 1968 eam,
1010 1912 1081 1972 qua

189 1992 241 2060 vel
257 2013 397 2076 agamus
412 1991 494 2074 quid
508 1991 558 2054 vel
574 1993 768 2072 sentiamus,
783 1993 817 2056 in
840 1993 998 2060 omnihus.
1010 2015 1078 2064 cor·

190 2095 323 2178 poribus
339 2095 421 2157 vivis
437 2095 650 2176 aequabiliter
665 2116 736 2162 esse
751 2096 865 2167 fusam,
877 2117 937 2159 nec
949 2117 1078 2180 separa·

190 2198 289 2266 bilem
305 2219 325 2260 a
340 2218 472 2282 corpore
494 2220 575 2276 esse,
597 2199 723 2282 quippe
741 2220 827 2282 quae
842 2199 934 2268 nulla
949 2200 999 2277 sit,
1016 2221 1079 2280 nec

190 2303 234 2364 sit
255 2301 451 2384 quidquam,
470 2303 536 2370 nisi
556 2323 674 2387 corpus
696 2323 802 2370 unum
818 2308 851 2364 et
866 2302 1015 2386 simplex,
1029 2304 1079 2368 ita

189 2405 378 2490 figuratum,
404 2412 443 2476 ut
470 2405 709 2489 temperatione
738 2411 875 2474 naturae
905 2406 1016 2488 vigeat
1044 2411 1079 2474 et

190 2512 320 2580 sentiat.
363 2511 415 2580 22.
440 2509 632 2578 Aristoteles
653 2508 751 2594 longe
774 2509 928 2576 carnibus
954 2507 1078 2592 (Plato-

190 2635 265 2682 nem
283 2635 410 2696 semper
425 2613 569 2695 excipio).
585 2618 753 2694 praestans
769 2617 802 2680 et
817 2611 950 2699 ingenio
962 2616 995 2674 et
1007 2611 1079 2673 dili-

190 2717 312 2800 gentia,
327 2736 433 2796 quum
448 2721 604 2794 quattuor
620 2720 700 2782 nota
714 2715 769 2786 illa
785 2735 906 2804 genera
927 2713 1084 2800 prIncipi·.

190 2840 285 2883 orum
301 2825 387 2888 esset
401 2817 601 2903 complexus,
616 2839 634 2883 e
650 2819 771 2908 quibua
786 2819 899 2888 omnia
912 2819 1084 2896 orirentur,

191 2922 343 3004 quintam
365 2921 534 3004 quandam
557 2929 711 2990 naturam
735 2929 846 2992 censet
868 2942 951 3003 esse,
971 2942 994 2982 e.
1012 2942 1079 3004 qua

191 3026 234 3093 sit
246 3046 347 3096 mens.
395 3026 547 3116 Cogitare
559 3027 660 3108 enirn,
669 3032 702 3088 et
713 3026 891 3114 providere,
902 3031 935 3090 et
946 3023 1082 3101 discere,

145 3204 148 3208 ¹
191 3136 225 3191 et
237 3129 365 3218 *docere
379 3135 413 3191 et
427 3129 570 3195 invenire
587 3129 724 3215 aliquid,
745 3134 862 3198 ettam
880 3126 987 3194 inulta
1002 3126 1084 3206 alia,

191 3232 390 3310 meminisse,
413 3253 533 3311 amare,
555 3233 675 3310 odisse,
697 3253 826 3316 cupere,
846 3231 972 3309 timere,
991 3229 1083 3314 angi,

190 3335 322 3412 laetari:
348 3337 430 3404 haec
452 3341 489 3398 et·
507 3337 629 3406 similia
651 3356 766 3404 eorum
787 3336 823 3400 in
846 3334 962 3398 horum
985 3337 1083 3414 quan.

190 3445 267 3512 tuor
299 3459 458 3532 generum
486 3439 594 3512 inesse
623 3437 714 3506 nullo
744 3441 852 3520 purat.
911 3433 1081 3512 autumn
