2420 4102
236 267 279 332 28
401 289 663 331 TUSCULANARUM
686 285 958 328 nrsrunnrronrm

236 477 378 518 scamus.
424 455 540 536 Neque
571 475 630 516 nos
653 474 789 536 corpora
811 473 944 514 sumusr
970 473 1031 514 nec
1053 471 1121 536 ego,
1191 461 1192 468 ’

1180 1136 1192 1710 Ι

237 561 297 622 tibi
314 561 394 622 haec
409 559 530 635 dicens,
542 557 666 640 corpori
678 563 737 618 tuo
751 557 834 630 dioc,
882 556 1000 631 Quum
1016 557 1120 639 igitur,

235 684 327 728 nosce
343 671 382 740 te,
395 663 483 740 dicit,
496 664 557 724 hoc
569 662 657 738 dicit,
669 681 763 724 nosce
775 662 913 722 animum
923 659 1029 722 tunm:
1047 681 1119 722 nam

235 787 353 849 corpus
375 765 510 848 quidem
532 765 629 846 quasi
645 785 702 826 vas
717 769 768 826 est
782 769 841 825 aut
863 763 997 843 aliquod
1021 762 1121 824 anirni

234 870 496 952 receptaculum:
523 871 566 932 ab
595 869 708 930 anirno
740 874 799 930 tuo
822 867 983 948 quidquid
1006 869 1121 950 agitur,

234 971 268 1033 id
284 972 393 1053 agitur
408 991 429 1032 a
443 977 485 1032 te.
531 971 631 1032 Hunc
646 972 746 1054 igitur
767 985 864 1032 nosse
887 971 951 1031 nisi
972 969 1120 1031 divinum

234 1078 330 1149 essct,
359 1093 426 1134 non
449 1079 535 1135 esset
564 1073 626 1135 hoc
655 1067 786 1136 acrioris
814 1072 989 1156 cujusdam
1018 1072 1120 1134 anImi

235 1179 456 1261 praeceptum,
472 1178 519 1240 sic
533 1185 572 1240 ut
585 1179 747 1240 tributum
763 1177 826 1239 deo
842 1179 894 1239 sit

276 1280 327 1342 53.
353 1280 421 1344 Sed
436 1281 473 1358 si,
489 1281 596 1362 qualis
612 1282 656 1342 sit
671 1282 812 1357 animus,
827 1281 897 1363 ipse
913 1280 1046 1342 animus
1069 1301 1119 1343 ne·

233 1385 332 1447 ecietz
355 1384 417 1461 dic,
432 1405 566 1466 quaeso,
583 1403 623 1444 ne
643 1404 714 1445 esse
736 1383 870 1464 quidem
895 1403 929 1444 se
952 1381 1059 1445 sciet?
1081 1403 1118 1443 ne

233 1489 357 1550 moveri
379 1489 511 1569 quidem
537 1485 597 1548 se?
627 1507 667 1547 ex
690 1507 756 1568 quo
778 1486 835 1548 ilia
856 1487 939 1547 ratio
962 1491 1043 1547 nata
1072 1489 1119 1546 est

235 1591 393 1667 Platonis,
409 1611 494 1671 quae
511 1611 531 1652 a
549 1589 684 1652 Socrate
711 1595 761 1652 est
784 1591 819 1651 in
847 1589 995 1650 Phaedro
1022 1588 1117 1670 expli·

233 1700 318 1770 cata,
348 1715 368 1754 a
391 1714 443 1755 nre
466 1699 579 1754 autern
602 1695 711 1777 posita
732 1700 783 1756 est
804 1693 839 1754 in
862 1699 953 1755 sexto
974 1692 1057 1754 libro
1078 1691 1117 1753 de

235 1795 447 1878 Republica:

277 1899 405 1962 XXIII.
438 1899 572 1976 “Quod
602 1921 730 1984 semper
758 1904 916 1976 movetur,
949 1904 1116 1962 aeternum

232 2007 299 2064 est:
322 2002 411 2082 quod
431 2009 544 2064 autem
567 2009 695 2064 rnotrrrn
721 1999 812 2064 affert
834 2002 942 2064 alicui.
964 2003 1117 2083 quodque

205 2105 343 2188 ·ipsurn
374 2107 518 2188 agitatur
547 2106 709 2182 alicunde,
740 2121 874 2186 quanno
897 2105 996 2167 finem
1022 2107 1117 2167 habet

231 2214 352 2284 motus,
376 2209 507 2270 vivendi
529 2208 630 2271 finem
653 2195 775 2270 habeat
800 2229 932 2270 necesse
953 2215 1012 2270 est
1060 2209 1117 2270 So-

230 2310 301 2374 lum
330 2311 432 2394 igitur
459 2312 550 2392 quod
580 2333 614 2374 se
643 2313 754 2394 ipsum
785 2317 905 2388 movet,
928 2313 1007 2392 quia
1038 2332 1117 2372 nun·

231 2435 333 2497 quarn
356 2414 512 2479 deseritur
534 2435 555 2477 a
577 2436 621 2493 se,
645 2435 816 2495 nunquam
839 2435 880 2476 ne
903 2414 1026 2474 moveri
1050 2415 1117 2494 qui·

177 2544 183 2554 ·
230 2519 307 2580 dem
323 2519 460 2594 desinit3
484 2517 554 2600 quin
577 2519 666 2580 etiam
681 2518 806 2596 ceteris,
829 2537 914 2596 quae
937 2523 1116 2591 moventur,

84 2643 98 2688 η
165 2624 178 2690 ζ
230 2621 283 2681 hic
298 2622 382 2696 fonS,
398 2621 460 2681 hoc
475 2621 672 2700 principium
688 2627 738 2682 est
753 2620 917 2681 rnovendi.
962 2618 1117 2700 Principii

101 2747 106 2752 ·
159 2728 170 2804 j
231 2727 343 2782 autern
367 2720 462 2785 nulla
487 2726 538 2782 est
564 2721 663 2803 orig0.
716 2723 767 2784 54.
800 2722 888 2784 Nam
914 2742 933 2782 e
958 2722 1116 2804 principio

74 2901 77 2908 1
230 2822 377 2884 oriuntur
400 2822 530 2883 omnia:
553 2824 663 2906 ipsum
686 2832 799 2886 autem
823 2823 913 2888 nulla
935 2845 974 2884 ex
996 2844 1029 2885 re
1052 2822 1117 2885 alia

83 2909 96 3026 'a
134 2925 155 2938 “’
201 2924 322 2986 -nasci
337 2929 463 3006 potest:
486 2946 546 2987 nec
558 2927 646 2988 enirn
659 2935 745 2989 esset
756 2927 790 2990 id
805 2927 1013 3010 priucipium,
1027 2925 1116 3006 quod

229 3027 415 3109 gigneretur
437 3027 580 3090 aliunde.
635 3028 738 3106 Quod
761 3031 789 3091 si
812 3049 981 3109 nunquam
1006 3029 1116 3107 oritur,

71 3133 92 3197 ζ
124 3135 164 3200 „215
229 3150 271 3191 nc
293 3129 414 3190 occidit
433 3131 570 3210 ‘quidem
593 3145 751 3212 unquam.
808 3132 897 3194 Nam
919 3131 1115 3213 principium

73 3313 88 3330 υ
126 3308 129 3326 1
146 3252 156 3314 j
229 3232 428 3294 exstinctum
445 3253 504 3294 nec
520 3234 629 3316 ipsum
646 3237 688 3296 ab
704 3235 769 3296 alio
784 3239 980 3309 renascetur,
1001 3253 1062 3294 nec
1077 3255 1115 3292 ex

56 3397 61 3404 .
122 3327 154 3358 ⁴²
228 3357 263 3398 se
280 3334 370 3398 aliud
385 3337 516 3413 creabit,
532 3337 695 3417 siquidem
711 3328 843 3400 necesse
859 3341 910 3398 est
924 3356 944 3396 a
955 3335 1115 3418 principio

229 3440 303 3501 oriri
325 3439 446 3502 omnia.
492 3439 544 3501 Ita
558 3437 606 3517 fit,
622 3445 660 3502 ut
674 3446 785 3502 motus
803 3437 999 3522 principium
1016 3458 1114 3502 exeo
