2450 4096
380 317 533 360 sounrun
557 315 729 358 sommus.
960 295 1000 360 81

107 489 164 571 qui
180 509 242 550 nec
257 486 438 570 pauciores,
454 491 487 548 et
502 491 587 549 certe
603 485 754 549 meliores
776 487 909 548 fuerunt
923 485 1002 546 viri:

106 614 210 675 quum
228 591 417 675 praesertim
435 590 525 674 apud
541 612 598 653 eos
613 592 713 674 ipsos,
723 612 744 654 a
758 591 879 673 quibus
895 589 1002 651 audiri

106 717 229 759 nomen
246 701 394 758 nostrum
410 700 530 778 potest,
545 716 644 762 nemo
660 697 760 759 unius
777 695 857 757 anni
878 713 1002 755 memo·
1019 761 1022 764 ,

105 803 190 864 riam
206 801 365 881 consequi
387 801 502 882 possit.
550 800 713 862 Homines
729 801 817 862 enirn
841 788 1006 882 populariss

12 935 13 940 ¹
106 893 154 967 ter
170 925 297 966 annum
319 903 554 966 tantummodo
571 903 658 982 solis,
674 904 708 967 id
724 910 783 982 est,
798 904 898 965 unius
914 903 1002 980 astri,

106 1009 215 1071 reditu
237 1008 436 1070 metiuntur:
459 1028 564 1088 quum
588 1014 701 1070 autem
725 1007 769 1069 ad
790 1008 892 1088 idem,
911 1007 1001 1070 unde

107 1112 210 1175 semel
233 1112 379 1195 prosecta
401 1117 488 1189 sunt,
504 1118 624 1175 cuncta
647 1119 735 1176 astra
749 1113 911 1191 redierint,
928 1133 1003 1174 ean-

107 1217 250 1297 demque
262 1216 365 1278 totius
377 1215 460 1276 caeli
471 1215 724 1299 descriptionem
736 1216 844 1300 longis
855 1215 1003 1278 interval·

106 1319 146 1382 lis
161 1317 341 1396 retulerint,
356 1323 429 1380 turn
451 1319 505 1380 ille
520 1340 594 1380 vere
610 1325 738 1380 vertens
762 1339 869 1380 annus
892 1317 1001 1400 appel·

12 1471 14 1488 .
105 1423 166 1486 lari
182 1427 310 1507 potest:
332 1422 366 1485 in
383 1443 449 1503 quo
461 1423 516 1483 vix
532 1422 639 1484 dicere
651 1421 769 1499 audeo,
781 1443 882 1502 quam
896 1419 1001 1483 multa
1091 1498 1096 1505 α

12 1519 13 1526 ¹
107 1526 430 1589 saeculahominum
452 1531 636 1587 teneantur.
683 1525 850 1606 Namque,
867 1523 1000 1584 ntolim

12 1675 13 1680 η
106 1629 246 1692 deficere
275 1629 324 1690 sol
354 1628 544 1690 hominibus
574 1629 807 1711 exstinguique
830 1627 919 1689 visus
941 1631 1000 1705 est,

108 1754 214 1815 quum
232 1731 368 1795 Romuli
383 1732 515 1794 animus
532 1732 614 1794 haee
628 1733 702 1815 ipsa
717 1732 751 1794 in
767 1730 892 1814 templa
906 1751 1002 1815 pene·

12 1817 13 1830 ἵ
106 1837 216 1913 travit,
239 1836 295 1912 ita,
318 1835 519 1917 quandoque
545 1835 662 1896 eadem
685 1841 777 1919 parte
800 1834 849 1898 sol
871 1834 1001 1896 eodem-

107 1959 172 2021 que
187 1945 335 2022 tempore
350 1939 470 2000 iterum
486 1938 649 2016 defecerit,
664 1944 748 2016 tum,
771 1939 874 2021 signis
896 1938 1001 1999 omni·

12 2031 14 2122 s
107 2045 171 2106 bus
202 2043 246 2105 ad
274 2043 363 2104 idern
393 2043 592 2126 principium
630 2042 797 2123 stellisque
829 2042 1001 2119 revocatis,

108 2150 277 2233 expletum
302 2169 428 2211 annum
454 2148 582 2211 habeto.
629 2148 739 2231 Hujus
763 2147 898 2230 quidem
922 2147 1002 2209 anni
1028 2215 1029 2218 Ἴ

108 2252 258 2316 nondum
287 2253 483 2337 vigesimam
515 2257 642 2335 partem
672 2253 755 2314 scito
779 2272 850 2314 esse
873 2271 1002 2314 conver·

14 2357 15 2364 '
109 2378 193 2420 sam.

151 2468 169 2500 ‘⁶
183 2459 359 2538 Quocirca,
375 2460 403 2523 si
418 2459 560 2522 reditum
575 2460 610 2522 in
628 2460 716 2521 hune
729 2458 841 2521 locum
854 2457 1002 2538 despera-

108 2565 200 2642 veris,
216 2565 250 2626 in
266 2586 332 2645 quo
349 2563 462 2626 omnia
475 2570 553 2626 sunt
565 2563 696 2646 magnis
709 2568 743 2624 et
758 2561 1000 2644 praestantibus

108 2669 203 2747 viris3
225 2668 344 2749 quanti
365 2666 501 2730 tandem
524 2672 575 2729 est
596 2667 662 2728 ista
684 2666 858 2728 hominum
889 2662 1001 2748 gloria,

108 2791 194 2852 quae
209 2771 368 2851 pertinere
379 2770 434 2830 vix
450 2768 603 2831 adonius
616 2770 695 2832 anni
706 2777 833 2852 partem
845 2769 1000 2851 exiguam

17 2955 20 2964 .
108 2871 241 2955 potest?
267 2915 268 2920 κ
288 2872 393 2955 Igitur
408 2871 474 2934 alte
489 2877 636 2955 spectare
653 2873 681 2934 si
693 2872 792 2951 voles,
804 2878 904 2955 atque
918 2873 1002 2934 hane

109 2976 222 3038 sedem
246 2981 280 3038 et
301 2982 470 3038 aeternam
492 2976 631 3038 domurn
654 2977 820 3054 contueri3
844 2996 950 3057 neque
968 2981 1002 3038 te

110 3081 316 3143 sermonibus
332 3078 424 3162 vulgi
438 3078 574 3158 dederis,
591 3079 699 3141 necin
717 3079 871 3162 praemiis
887 3081 1002 3140 huma·

17 3195 18 3210 ¹
108 3184 160 3246 nis
175 3204 268 3266 spem
292 3183 439 3266 posueris
462 3203 569 3245 rerum
592 3189 743 3244 tuarum:
767 3181 836 3263 suis
852 3188 894 3258 te,
910 3201 1002 3262 opor·
1063 3189 1070 3206 ¹

17 3259 18 3282 l
108 3293 165 3365 tet,
180 3286 339 3350 illecebris
354 3286 428 3368 ipsa
443 3287 545 3348 virtus
568 3285 678 3347 trahat
699 3284 743 3346 ad
759 3305 872 3346 verum
888 3283 999 3345 decus.

113 3388 206 3466 Quid
221 3390 262 3452 de
278 3395 311 3452 te
334 3389 390 3451 alii
413 3389 600 3471 loquantur,
623 3389 687 3472 ipsi
701 3388 853 3465 videant;
876 3386 934 3448 sed
958 3385 1002 3448 lo·

110 3499 251 3575 quantur
266 3498 390 3556 tamen.
439 3491 554 3555 Sermo
571 3497 682 3554 autem
700 3491 808 3554 omnis
828 3490 882 3554 ille
898 3494 931 3553 et
946 3510 1002 3553 an·

454 3593 475 3658 6
