2420 4102
201 269 223 344 8
366 289 628 334 auscunnnnnun
650 288 922 336 nmeunamonnn

201 457 424 534 oommemini,
439 464 618 537 antequam
634 477 708 522 aum
724 461 833 534 natue,
852 477 907 524 me
921 457 1091 521 miserum.

204 559 256 622 Tu
273 561 301 626 si
317 560 449 624 meliore
464 560 624 624 memoria
639 580 683 637 es,
698 559 797 625 velim
814 560 904 641 seire,
918 559 1037 640 eequid
1046 558 1091 624 de

200 668 234 732 te
249 662 424 733 recordere.

246 765 324 833 VII.
369 765 409 830 A.
435 765 485 831 Ita
497 765 629 848 joearis,
642 763 738 845 quasi
753 783 815 846 ego
831 762 940 829 dicam
956 784 1013 826 eos
1027 764 1089 826 mi·

202 889 299 946 aeros,
314 868 372 949 qui
387 870 458 932 nati
473 889 539 934 non
558 873 651 945 sunu
673 872 707 928 et
721 887 788 931 non
804 887 872 943 eos,
886 867 944 948 qui
967 867 1087 932 mortui

201 977 287 1034 sunt.
332 969 380 1038 Μ
404 971 489 1035 Esse
503 987 580 1052 ergo
602 989 659 1030 eos
674 967 766 1034 dieis.
810 967 850 1032 A.
875 968 992 1047 Imm0,
1007 970 1086 1050 quia

201 1094 267 1140 non
290 1075 367 1151 sint,
391 1094 495 1154 quum
524 1073 656 1150 fuerint,
675 1093 715 1136 eo
745 1073 880 1138 miseros
909 1093 991 1136 esee,
1036 1072 1087 1136 M.

203 1175 392 1258 Pugnantia
414 1183 447 1244 ta
469 1176 560 1257 loqui
582 1196 648 1243 non
665 1173 779 1244 eides?
801 1175 883 1256 quid
903 1175 990 1240 enim
1013 1181 1082 1240 tam

201 1287 338 1362 pugnat,
353 1301 454 1360 quam
470 1300 538 1348 non
560 1278 659 1340 modo
682 1279 848 1354 miserum,
870 1278 928 1344 aed
950 1280 1086 1344 omnino

201 1382 383 1464 quidquam
405 1403 490 1460 ease,
511 1383 658 1464 quinon
681 1379 746 1442 sit?
793 1381 847 1445 An
873 1387 911 1444 tu
938 1401 1086 1464 egressus

201 1492 295 1568 porta
314 1486 459 1576 Capena,
474 1507 579 1568 quum
605 1483 760 1561 Calatini,
783 1482 992 1566 Scipionum,
1015 1484 1086 1548 Ser·

199 1589 361 1666 viliorum,
379 1589 586 1658 Metellorum
602 1586 749 1669 sepulcra
766 1585 866 1663 vides,
881 1587 1015 1652 miseros
1028 1607 1086 1670 pu·

199 1697 253 1758 tae
267 1690 363 1752 illos?
409 1691 449 1752 A.
475 1689 646 1766 Quoniam
663 1709 715 1750 me
737 1689 835 1750 uerbo
850 1689 979 1771 premia,
1000 1695 1086 1772 potis

201 1792 264 1860 hac.
292 1813 359 1857 non
384 1792 432 1854 ita
457 1791 576 1869 dicam,
602 1792 732 1861 macros
758 1811 836 1868 esse,
861 1793 919 1858 sed
943 1798 1087 1872 tantum,

120 1945 123 1952 .
199 1896 341 1972 miserm,
357 1897 401 1962 ub
415 1895 449 1964 id
471 1895 592 1977 ipsum,
614 1895 694 1976 quia
716 1914 783 1964 non
805 1900 893 1959 amit¹
936 1895 983 1962 Μ
1008 1897 1085 1962 Non

200 1998 282 2066 dieis
299 1999 408 2080 igitur,
429 1999 526 2060 miser
547 2005 596 2066 est
617 1997 665 2060 Μ.
687 1996 843 2073 Grumum·
865 1996 923 2059 sed
944 2004 1088 2078 tantum,

199 2100 297 2164 miter
312 2100 359 2164 M.
376 2099 519 2172 Ornatus.
564 2100 615 2162 14.
638 2099 678 2163 A.
695 2100 746 2170 Ita
759 2100 867 2183 plane,
909 2100 957 2166 M.
976 2101 1086 2178 Quasi

199 2223 267 2264 nnn
284 2223 413 2271 neeesse
429 2205 483 2280 sit,
496 2197 657 2285 quidquid
675 2204 740 2264 isto
763 2202 862 2270 modo
885 2207 1087 2285 pronuntiem,

199 2303 232 2366 id
249 2311 309 2367 aut
324 2326 394 2370 esse
410 2313 470 2370 aut
487 2326 553 2368 non
576 2326 657 2372 esse.
703 2307 757 2372 An
778 2310 817 2373 tu
841 2303 1021 2376 dialecticis
1044 2329 1084 2374 ne

199 2408 348 2474 imbutus
368 2410 502 2491 quidem
518 2407 579 2472 'eal
624 2409 663 2472 ln
680 2409 791 2491 primis
807 2409 894 2471 enim
911 2409 972 2477 hoe
989 2411 1087 2477 tradi,

198 2517 269 2576 tur:
291 2533 390 2580 omne
405 2513 653 2596 pronuntiatum
672 2511 733 2596 (sie
748 2511 835 2573 enim
852 2511 932 2596 mihi
947 2511 980 2574 in
995 2534 1085 2595 prae·

200 2619 306 2679 sentia
322 2620 468 2695 occurrit,
482 2625 522 2682 ut
536 2618 733 2700 appellarem
749 2605 892 2697 ἆξίωμα;
914 2624 988 2684 utar
1010 2627 1088 2702 post

200 2718 275 2794 alio,
291 2719 319 2780 si
334 2719 486 2780 invenero
503 2719 652 2803 melium)
668 2721 702 2781 id
725 2742 801 2804 ergo
824 2727 874 2786 est
896 2723 1088 2804 pronuntia-v

200 2829 282 2898 tum,
297 2821 387 2902 quod
402 2829 452 2882 eet
466 2843 580 2890 verum
602 2830 663 2892 aut
683 2823 814 2895 falsum.
862 2824 980 2901 Quum
1001 2825 1084 2888 dicis

201 2924 307 3006 igitur,
322 2925 418 2990 miser
430 2924 477 2994 Μ.
500 2923 634 2996 Orassus
642 2947 655 3003 ,·
677 2934 736 2994 aut
752 2929 815 2992 hoe
824 2927 916 3004 dicia,
930 2931 1027 2992 miser
1038 2937 1086 2992 est

201 3025 249 3092 Μ
271 3025 414 3104 Onustus,
425 3034 464 3094 ut
475 3031 580 3113 possit
591 3031 740 3112 judicari,
751 3053 864 3098 verum
877 3033 911 3094 id
920 3032 1083 3096 falsumne

200 3129 262 3206 sit,
283 3135 342 3192 aut
357 3131 437 3195 nihil
452 3132 534 3202 dieis
550 3135 695 3200 omnino.
740 3134 780 3201 A.
806 3135 959 3220 Agajam
970 3157 1083 3199 ennoe-

198 3230 252 3308 do,
268 3251 334 3292 non
350 3253 421 3296 esse
437 3235 581 3312 miseros,
603 3237 661 3317 qui
683 3238 806 3304 mortui
827 3239 902 3316 sint,
925 3240 1082 3319 quoniam

199 3335 371 3412 extorsisti,
387 3341 426 3397 ut
440 3335 563 3414 faterer,
579 3340 637 3419 qui
652 3339 792 3407 omnine
804 3361 871 3406 non
887 3347 1004 3418 essent,
1027 3363 1084 3404 eos

199 3455 241 3504 ne
256 3438 392 3504 miseros
406 3439 540 3520 quidem
556 3461 627 3510 ease
642 3462 748 3526 ponae.
796 3441 913 3520 Quid?
936 3445 994 3524 qui
1006 3445 1085 3508 vivi-2
