<?xml version="1.0" encoding="UTF-8"?>
<!DOCTYPE html PUBLIC "-//W3C//DTD XHTML 1.0 Transitional//EN"
    "http://www.w3.org/TR/xhtml1/DTD/xhtml1-transitional.dtd">
<html xmlns="http://www.w3.org/1999/xhtml" xml:lang="en" lang="en">
 <head>
  <title>
</title>
<meta http-equiv="Content-Type" content="text/html;charset=utf-8" />
  <meta name='ocr-system' content='tesseract 3.04.00' />
  <meta name='ocr-capabilities' content='ocr_page ocr_carea ocr_par ocr_line ocrx_word'/>
</head>
<body>
  <div class='ocr_page' id='page_1' title='image "./cicerostusculan01chasgoog_0082.png"; bbox 0 0 2450 4096; ppageno 0'>
   <div class='ocr_carea' id='block_1_1' title="bbox 321 307 1010 375">
    <p class='ocr_par' dir='ltr' id='par_1_1' title="bbox 321 307 1010 375">
     <span class='ocr_line' id='line_1_1' title="bbox 321 307 1010 375; baseline 0.009 -7"><span class='ocrx_word' id='word_1_1' title='bbox 321 325 424 369; x_wconf 75' lang='lat' dir='ltr'>mssa</span> <span class='ocrx_word' id='word_1_2' title='bbox 445 327 467 370; x_wconf 89' lang='lat'>1.</span> <span class='ocrx_word' id='word_1_3' title='bbox 513 327 583 370; x_wconf 76' lang='lat' dir='ltr'>one.</span> <span class='ocrx_word' id='word_1_4' title='bbox 606 329 726 372; x_wconf 76' lang='lat' dir='ltr'>xxxix.</span> <span class='ocrx_word' id='word_1_5' title='bbox 749 330 804 372; x_wconf 80' lang='lat' dir='ltr'>xu.</span> <span class='ocrx_word' id='word_1_6' title='bbox 967 307 1010 375; x_wconf 86' lang='lat'>51</span> 
     </span>
    </p>
   </div>
   <div class='ocr_carea' id='block_1_2' title="bbox 108 495 1010 872">
    <p class='ocr_par' dir='ltr' id='par_1_2' title="bbox 108 495 1010 872">
     <span class='ocr_line' id='line_1_2' title="bbox 108 495 1010 584; baseline 0.002 -24"><span class='ocrx_word' id='word_1_7' title='bbox 108 495 222 576; x_wconf 87' lang='lat' dir='ltr'>nullis,</span> <span class='ocrx_word' id='word_1_8' title='bbox 239 497 265 558; x_wconf 89' lang='lat' dir='ltr'>si</span> <span class='ocrx_word' id='word_1_9' title='bbox 281 498 351 560; x_wconf 88' lang='lat' dir='ltr'>vita</span> <span class='ocrx_word' id='word_1_10' title='bbox 365 496 494 582; x_wconf 86' lang='lat' dir='ltr'>longior</span> <span class='ocrx_word' id='word_1_11' title='bbox 516 499 657 577; x_wconf 87' lang='lat' dir='ltr'>daretur,</span> <span class='ocrx_word' id='word_1_12' title='bbox 672 506 786 584; x_wconf 85' lang='lat' dir='ltr'>posset</span> <span class='ocrx_word' id='word_1_13' title='bbox 801 521 872 581; x_wconf 76' lang='lat' dir='ltr'>esse</span> <span class='ocrx_word' id='word_1_14' title='bbox 891 499 1010 584; x_wconf 73' lang='lat' dir='ltr'>jucun,-</span> 
     </span>
     <span class='ocr_line' id='line_1_3' title="bbox 108 601 1010 687; baseline 0.003 -25"><span class='ocrx_word' id='word_1_15' title='bbox 108 601 193 664; x_wconf 86' lang='lat' dir='ltr'>dior.</span> <span class='ocrx_word' id='word_1_16' title='bbox 240 601 332 664; x_wconf 90' lang='lat' dir='ltr'>Nihil</span> <span class='ocrx_word' id='word_1_17' title='bbox 347 602 436 663; x_wconf 88' lang='lat' dir='ltr'>enim</span> <span class='ocrx_word' id='word_1_18' title='bbox 452 607 503 664; x_wconf 86' lang='lat' dir='ltr'>est</span> <span class='ocrx_word' id='word_1_19' title='bbox 518 603 663 686; x_wconf 84' lang='lat' dir='ltr'>profecto</span> <span class='ocrx_word' id='word_1_20' title='bbox 680 603 807 665; x_wconf 91' lang='lat' dir='ltr'>homini</span> <span class='ocrx_word' id='word_1_21' title='bbox 833 603 1010 687; x_wconf 89' lang='lat' dir='ltr'>prudentia</span> 
     </span>
     <span class='ocr_line' id='line_1_4' title="bbox 109 704 1009 788; baseline 0.004 -22"><span class='ocrx_word' id='word_1_22' title='bbox 109 704 255 783; x_wconf 83' lang='lat' dir='ltr'>dulcius,</span> <span class='ocrx_word' id='word_1_23' title='bbox 270 726 383 788; x_wconf 88' lang='lat' dir='ltr'>quarn,</span> <span class='ocrx_word' id='word_1_24' title='bbox 397 711 438 768; x_wconf 88' lang='lat' dir='ltr'>ut</span> <span class='ocrx_word' id='word_1_25' title='bbox 452 711 559 768; x_wconf 83' lang='lat' dir='ltr'>cetera</span> <span class='ocrx_word' id='word_1_26' title='bbox 575 707 712 785; x_wconf 85' lang='lat' dir='ltr'>auferat,</span> <span class='ocrx_word' id='word_1_27' title='bbox 736 705 829 771; x_wconf 84' lang='lat' dir='ltr'>affert</span> <span class='ocrx_word' id='word_1_28' title='bbox 851 713 937 770; x_wconf 84' lang='lat' dir='ltr'>certe</span> <span class='ocrx_word' id='word_1_29' title='bbox 959 727 1009 770; x_wconf 73' lang='lat' dir='ltr'>se·</span> 
     </span>
     <span class='ocr_line' id='line_1_5' title="bbox 109 815 239 872; baseline -0.008 0"><span class='ocrx_word' id='word_1_30' title='bbox 109 815 239 872; x_wconf 82' lang='lat' dir='ltr'>neotus</span> 
     </span>
    </p>
   </div>
   <div class='ocr_carea' id='block_1_3' title="bbox 110 911 1008 1100">
    <p class='ocr_par' dir='ltr' id='par_1_3' title="bbox 110 911 1008 1100">
     <span class='ocr_line' id='line_1_6' title="bbox 159 911 1008 999; baseline 0.005 -24"><span class='ocrx_word' id='word_1_31' title='bbox 159 912 259 990; x_wconf 79' lang='lat' dir='ltr'>Quae</span> <span class='ocrx_word' id='word_1_32' title='bbox 274 935 351 976; x_wconf 85' lang='lat' dir='ltr'>vero</span> <span class='ocrx_word' id='word_1_33' title='bbox 367 919 459 976; x_wconf 86' lang='lat' dir='ltr'>aetas</span> <span class='ocrx_word' id='word_1_34' title='bbox 474 913 575 998; x_wconf 89' lang='lat' dir='ltr'>longa</span> <span class='ocrx_word' id='word_1_35' title='bbox 590 911 662 978; x_wconf 77' lang='lat' dir='ltr'>est?</span> <span class='ocrx_word' id='word_1_36' title='bbox 685 919 746 978; x_wconf 87' lang='lat' dir='ltr'>aut</span> <span class='ocrx_word' id='word_1_37' title='bbox 767 915 849 999; x_wconf 92' lang='lat' dir='ltr'>quid</span> <span class='ocrx_word' id='word_1_38' title='bbox 871 915 1008 980; x_wconf 90' lang='lat' dir='ltr'>omnino</span> 
     </span>
     <span class='ocr_line' id='line_1_7' title="bbox 110 1010 552 1100; baseline 0.002 -24"><span class='ocrx_word' id='word_1_39' title='bbox 110 1010 240 1077; x_wconf 89' lang='lat' dir='ltr'>homini</span> <span class='ocrx_word' id='word_1_40' title='bbox 255 1013 418 1100; x_wconf 78' lang='lat' dir='ltr'>longum?</span> <span class='ocrx_word' id='word_1_41' title='bbox 441 1036 552 1078; x_wconf 89' lang='lat' dir='ltr'>nonne</span> 
     </span>
    </p>
   </div>
   <div class='ocr_carea' id='block_1_4' title="bbox 132 1135 985 1293">
    <p class='ocr_par' dir='ltr' id='par_1_4' title="bbox 132 1135 985 1293">
     <span class='ocr_line' id='line_1_8' title="bbox 132 1135 985 1212; baseline 0.006 -24"><span class='ocrx_word' id='word_1_42' title='bbox 132 1135 214 1189; x_wconf 85' lang='lat' dir='ltr'>Mddo</span> <span class='ocrx_word' id='word_1_43' title='bbox 221 1153 325 1206; x_wconf 81' lang='lat' dir='ltr'>pueros,</span> <span class='ocrx_word' id='word_1_44' title='bbox 337 1138 410 1190; x_wconf 86' lang='lat' dir='ltr'>modo</span> <span class='ocrx_word' id='word_1_45' title='bbox 421 1135 596 1204; x_wconf 76' lang='lat' dir='ltr'>ddolescentes,</span> <span class='ocrx_word' id='word_1_46' title='bbox 607 1136 636 1190; x_wconf 80' lang='lat' dir='ltr'>tn</span> <span class='ocrx_word' id='word_1_47' title='bbox 647 1153 724 1190; x_wconf 70' lang='lat' dir='ltr'>uersu</span> <span class='ocrx_word' id='word_1_48' title='bbox 735 1153 753 1192; x_wconf 85' lang='lat' dir='ltr'>a</span> <span class='ocrx_word' id='word_1_49' title='bbox 764 1145 832 1210; x_wconf 71' lang='lat' dir='ltr'>teryo</span> <span class='ocrx_word' id='word_1_50' title='bbox 843 1142 985 1212; x_wconf 68' lang='lat' dir='ltr'>tnsepoeus,</span> 
     </span>
     <span class='ocr_line' id='line_1_9' title="bbox 133 1223 511 1293; baseline 0 -17"><span class='ocrx_word' id='word_1_51' title='bbox 133 1223 192 1276; x_wconf 79' lang='grc' dir='ltr'>Νέσ</span> <span class='ocrx_word' id='word_1_52' title='bbox 203 1224 336 1293; x_wconf 73' lang='lat' dir='ltr'><strong><em>opinantes</em></strong></span> <span class='ocrx_word' id='word_1_53' title='bbox 347 1223 464 1278; x_wconf 78' lang='lat' dir='ltr'>desecuto</span> <span class='ocrx_word' id='word_1_54' title='bbox 475 1232 511 1277; x_wconf 80' lang='lat' dir='ltr'>est</span> 
     </span>
    </p>
   </div>
   <div class='ocr_carea' id='block_1_5' title="bbox 107 1331 1009 2146">
    <p class='ocr_par' dir='ltr' id='par_1_5' title="bbox 107 1331 1009 2146">
     <span class='ocr_line' id='line_1_10' title="bbox 110 1331 1009 1414; baseline 0.002 -20"><span class='ocrx_word' id='word_1_55' title='bbox 110 1331 290 1399; x_wconf 79' lang='lat' dir='ltr'>senectus?</span> <span class='ocrx_word' id='word_1_56' title='bbox 314 1332 373 1394; x_wconf 85' lang='lat' dir='ltr'>sed</span> <span class='ocrx_word' id='word_1_57' title='bbox 387 1332 467 1414; x_wconf 88' lang='lat' dir='ltr'>quia</span> <span class='ocrx_word' id='word_1_58' title='bbox 481 1331 568 1395; x_wconf 88' lang='lat' dir='ltr'>ultra</span> <span class='ocrx_word' id='word_1_59' title='bbox 584 1331 664 1395; x_wconf 87' lang='lat' dir='ltr'>nihil</span> <span class='ocrx_word' id='word_1_60' title='bbox 681 1332 852 1411; x_wconf 89' lang='lat' dir='ltr'>habemus,</span> <span class='ocrx_word' id='word_1_61' title='bbox 863 1333 927 1396; x_wconf 84' lang='lat' dir='ltr'>hoc</span> <span class='ocrx_word' id='word_1_62' title='bbox 941 1333 1009 1396; x_wconf 94' lang='lat' dir='ltr'>lon·</span> 
     </span>
     <span class='ocr_line' id='line_1_11' title="bbox 110 1435 1007 1520; baseline 0 -22"><span class='ocrx_word' id='word_1_63' title='bbox 110 1457 194 1520; x_wconf 88' lang='lat' dir='ltr'>gum</span> <span class='ocrx_word' id='word_1_64' title='bbox 216 1436 369 1499; x_wconf 86' lang='lat' dir='ltr'><strong>dicimus.</strong></span> <span class='ocrx_word' id='word_1_65' title='bbox 424 1436 550 1500; x_wconf 89' lang='lat' dir='ltr'>Omnia</span> <span class='ocrx_word' id='word_1_66' title='bbox 572 1436 647 1514; x_wconf 86' lang='lat' dir='ltr'>ista,</span> <span class='ocrx_word' id='word_1_67' title='bbox 670 1435 804 1520; x_wconf 85' lang='lat' dir='ltr'>perinde</span> <span class='ocrx_word' id='word_1_68' title='bbox 826 1441 865 1499; x_wconf 90' lang='lat' dir='ltr'>ut</span> <span class='ocrx_word' id='word_1_69' title='bbox 887 1437 1007 1516; x_wconf 86' lang='lat' dir='ltr'>cuique</span> 
     </span>
     <span class='ocr_line' id='line_1_12' title="bbox 109 1538 1008 1625; baseline -0.002 -23"><span class='ocrx_word' id='word_1_70' title='bbox 109 1541 193 1603; x_wconf 88' lang='lat' dir='ltr'>data</span> <span class='ocrx_word' id='word_1_71' title='bbox 208 1547 287 1602; x_wconf 88' lang='lat' dir='ltr'>sunt</span> <span class='ocrx_word' id='word_1_72' title='bbox 302 1561 360 1625; x_wconf 90' lang='lat' dir='ltr'>pro</span> <span class='ocrx_word' id='word_1_73' title='bbox 375 1547 446 1603; x_wconf 89' lang='lat' dir='ltr'>rata</span> <span class='ocrx_word' id='word_1_74' title='bbox 463 1547 563 1624; x_wconf 86' lang='lat' dir='ltr'>parte,</span> <span class='ocrx_word' id='word_1_75' title='bbox 579 1541 628 1603; x_wconf 87' lang='lat' dir='ltr'>ita</span> <span class='ocrx_word' id='word_1_76' title='bbox 650 1544 710 1602; x_wconf 88' lang='lat' dir='ltr'>aut</span> <span class='ocrx_word' id='word_1_77' title='bbox 730 1538 841 1622; x_wconf 84' lang='lat' dir='ltr'>longa,</span> <span class='ocrx_word' id='word_1_78' title='bbox 865 1545 925 1601; x_wconf 91' lang='lat' dir='ltr'>aut</span> <span class='ocrx_word' id='word_1_79' title='bbox 939 1542 1008 1601; x_wconf 86' lang='lat' dir='ltr'>bre-</span> 
     </span>
     <span class='ocr_line' id='line_1_13' title="bbox 108 1643 1007 1730; baseline -0.001 -23"><span class='ocrx_word' id='word_1_80' title='bbox 108 1647 166 1708; x_wconf 88' lang='lat' dir='ltr'>via</span> <span class='ocrx_word' id='word_1_81' title='bbox 189 1645 353 1708; x_wconf 86' lang='lat' dir='ltr'>dicuntur.</span> <span class='ocrx_word' id='word_1_82' title='bbox 400 1645 500 1730; x_wconf 88' lang='lat' dir='ltr'>Apud</span> <span class='ocrx_word' id='word_1_83' title='bbox 521 1645 693 1730; x_wconf 85' lang='lat' dir='ltr'><strong>Hypanim</strong></span> <span class='ocrx_word' id='word_1_84' title='bbox 717 1643 868 1726; x_wconf 84' lang='lat' dir='ltr'>fluvium,</span> <span class='ocrx_word' id='word_1_85' title='bbox 884 1644 942 1726; x_wconf 88' lang='lat' dir='ltr'>qui</span> <span class='ocrx_word' id='word_1_86' title='bbox 965 1645 1007 1707; x_wconf 89' lang='lat' dir='ltr'>ab</span> 
     </span>
     <span class='ocr_line' id='line_1_14' title="bbox 110 1749 1007 1834; baseline 0 -21"><span class='ocrx_word' id='word_1_87' title='bbox 110 1750 269 1834; x_wconf 83' lang='lat' dir='ltr'>Europae</span> <span class='ocrx_word' id='word_1_88' title='bbox 286 1751 426 1834; x_wconf 86' lang='lat' dir='ltr'>partein</span> <span class='ocrx_word' id='word_1_89' title='bbox 445 1749 591 1814; x_wconf 78' lang='lat' dir='ltr'>Pontum</span> <span class='ocrx_word' id='word_1_90' title='bbox 606 1749 728 1830; x_wconf 88' lang='lat' dir='ltr'>influit,</span> <span class='ocrx_word' id='word_1_91' title='bbox 747 1750 938 1813; x_wconf 84' lang='lat' dir='ltr'>Aristoteles</span> <span class='ocrx_word' id='word_1_92' title='bbox 951 1751 1007 1829; x_wconf 89' lang='lat' dir='ltr'>ait,</span> 
     </span>
     <span class='ocr_line' id='line_1_15' title="bbox 108 1854 1007 1936; baseline 0.001 -20"><span class='ocrx_word' id='word_1_93' title='bbox 108 1855 268 1917; x_wconf 81' lang='lat' dir='ltr'><strong>bestiolas</strong></span> <span class='ocrx_word' id='word_1_94' title='bbox 292 1854 454 1936; x_wconf 88' lang='lat' dir='ltr'>quasdam</span> <span class='ocrx_word' id='word_1_95' title='bbox 479 1855 581 1933; x_wconf 84' lang='lat' dir='ltr'>nasei,</span> <span class='ocrx_word' id='word_1_96' title='bbox 604 1875 690 1936; x_wconf 91' lang='lat' dir='ltr'>quae</span> <span class='ocrx_word' id='word_1_97' title='bbox 713 1871 819 1916; x_wconf 91' lang='lat' dir='ltr'>unum</span> <span class='ocrx_word' id='word_1_98' title='bbox 849 1854 938 1916; x_wconf 90' lang='lat' dir='ltr'>diem</span> <span class='ocrx_word' id='word_1_99' title='bbox 961 1857 1007 1917; x_wconf 85' lang='lat' dir='ltr'>vi·</span> 
     </span>
     <span class='ocr_line' id='line_1_16' title="bbox 107 1957 1007 2042; baseline 0 -22"><span class='ocrx_word' id='word_1_100' title='bbox 107 1964 203 2022; x_wconf 87' lang='lat' dir='ltr'>vant.</span> <span class='ocrx_word' id='word_1_101' title='bbox 249 1957 303 2021; x_wconf 82' lang='lat' dir='ltr'>Ex</span> <span class='ocrx_word' id='word_1_102' title='bbox 325 1960 376 2021; x_wconf 88' lang='lat' dir='ltr'>his</span> <span class='ocrx_word' id='word_1_103' title='bbox 397 1959 498 2042; x_wconf 86' lang='lat' dir='ltr'>igitur</span> <span class='ocrx_word' id='word_1_104' title='bbox 521 1959 599 2021; x_wconf 91' lang='lat' dir='ltr'>hora</span> <span class='ocrx_word' id='word_1_105' title='bbox 623 1964 743 2020; x_wconf 82' lang='lat' dir='ltr'>octava</span> <span class='ocrx_word' id='word_1_106' title='bbox 765 1979 851 2039; x_wconf 85' lang='lat' dir='ltr'>quae</span> <span class='ocrx_word' id='word_1_107' title='bbox 875 1964 1007 2020; x_wconf 86' lang='lat' dir='ltr'>mortua</span> 
     </span>
     <span class='ocr_line' id='line_1_17' title="bbox 109 2065 1007 2146; baseline 0.001 -21"><span class='ocrx_word' id='word_1_108' title='bbox 109 2068 171 2141; x_wconf 86' lang='lat' dir='ltr'>est,</span> <span class='ocrx_word' id='word_1_109' title='bbox 187 2069 341 2146; x_wconf 86' lang='lat' dir='ltr'>provecta</span> <span class='ocrx_word' id='word_1_110' title='bbox 357 2068 467 2125; x_wconf 86' lang='lat' dir='ltr'>aetate</span> <span class='ocrx_word' id='word_1_111' title='bbox 483 2068 615 2125; x_wconf 87' lang='lat' dir='ltr'>mortua</span> <span class='ocrx_word' id='word_1_112' title='bbox 631 2068 698 2142; x_wconf 83' lang='lat' dir='ltr'>est3</span> <span class='ocrx_word' id='word_1_113' title='bbox 721 2083 808 2146; x_wconf 84' lang='lat' dir='ltr'>quae</span> <span class='ocrx_word' id='word_1_114' title='bbox 830 2084 906 2126; x_wconf 84' lang='lat' dir='ltr'>vero</span> <span class='ocrx_word' id='word_1_115' title='bbox 923 2065 1007 2126; x_wconf 88' lang='lat' dir='ltr'>oooi-</span> 
     </span>
    </p>
   </div>
   <div class='ocr_carea' id='block_1_6' title="bbox 4 2165 1007 2254">
    <p class='ocr_par' dir='ltr' id='par_1_6' title="bbox 4 2165 1007 2254">
     <span class='ocr_line' id='line_1_18' title="bbox 4 2165 1007 2254; baseline 0.001 -25"><span class='ocrx_word' id='word_1_116' title='bbox 4 2251 6 2254; x_wconf 16' lang='grc' dir='ltr'>Ι</span> <span class='ocrx_word' id='word_1_117' title='bbox 108 2167 210 2230; x_wconf 90' lang='lat' dir='ltr'>dente</span> <span class='ocrx_word' id='word_1_118' title='bbox 234 2165 312 2244; x_wconf 89' lang='lat' dir='ltr'>sole,</span> <span class='ocrx_word' id='word_1_119' title='bbox 328 2166 511 2250; x_wconf 81' lang='lat' dir='ltr'>decrepita3</span> <span class='ocrx_word' id='word_1_120' title='bbox 534 2187 574 2228; x_wconf 88' lang='lat' dir='ltr'>eo</span> <span class='ocrx_word' id='word_1_121' title='bbox 591 2167 707 2250; x_wconf 87' lang='lat' dir='ltr'>magis,</span> <span class='ocrx_word' id='word_1_122' title='bbox 731 2168 759 2229; x_wconf 87' lang='lat' dir='ltr'>si</span> <span class='ocrx_word' id='word_1_123' title='bbox 782 2168 884 2230; x_wconf 87' lang='lat' dir='ltr'>etiam</span> <span class='ocrx_word' id='word_1_124' title='bbox 900 2167 1007 2231; x_wconf 89' lang='lat' dir='ltr'>solsti-</span> 
     </span>
    </p>
   </div>
   <div class='ocr_carea' id='block_1_7' title="bbox 4 2269 1008 3083">
    <p class='ocr_par' dir='ltr' id='par_1_7' title="bbox 4 2269 1007 2560">
     <span class='ocr_line' id='line_1_19' title="bbox 107 2269 1007 2354; baseline -0.002 -20"><span class='ocrx_word' id='word_1_125' title='bbox 107 2271 182 2334; x_wconf 87' lang='lat' dir='ltr'>tiali</span> <span class='ocrx_word' id='word_1_126' title='bbox 198 2271 262 2334; x_wconf 88' lang='lat' dir='ltr'>die.</span> <span class='ocrx_word' id='word_1_127' title='bbox 312 2271 433 2332; x_wconf 87' lang='lat' dir='ltr'>Confer</span> <span class='ocrx_word' id='word_1_128' title='bbox 448 2277 594 2332; x_wconf 89' lang='lat' dir='ltr'>nostram</span> <span class='ocrx_word' id='word_1_129' title='bbox 609 2269 840 2354; x_wconf 84' lang='lat' dir='ltr'>longissimam</span> <span class='ocrx_word' id='word_1_130' title='bbox 861 2277 1007 2333; x_wconf 88' lang='lat' dir='ltr'>aetatem</span> 
     </span>
     <span class='ocr_line' id='line_1_20' title="bbox 108 2373 1006 2458; baseline -0.004 -20"><span class='ocrx_word' id='word_1_131' title='bbox 108 2397 189 2438; x_wconf 87' lang='lat' dir='ltr'>oum</span> <span class='ocrx_word' id='word_1_132' title='bbox 212 2376 425 2453; x_wconf 87' lang='lat' dir='ltr'>aeternitate;</span> <span class='ocrx_word' id='word_1_133' title='bbox 447 2375 482 2436; x_wconf 92' lang='lat' dir='ltr'>in</span> <span class='ocrx_word' id='word_1_134' title='bbox 498 2373 616 2436; x_wconf 86' lang='lat' dir='ltr'>eadem</span> <span class='ocrx_word' id='word_1_135' title='bbox 639 2373 880 2458; x_wconf 83' lang='lat' dir='ltr'>propemodum</span> <span class='ocrx_word' id='word_1_136' title='bbox 904 2374 1006 2434; x_wconf 89' lang='lat' dir='ltr'>brevi·</span> 
     </span>
     <span class='ocr_line' id='line_1_21' title="bbox 4 2476 768 2560; baseline -0.007 -18"><span class='ocrx_word' id='word_1_137' title='bbox 4 2527 5 2532; x_wconf 19' lang='grc' dir='ltr'>η</span> <span class='ocrx_word' id='word_1_138' title='bbox 107 2485 190 2557; x_wconf 85' lang='lat' dir='ltr'>tate,</span> <span class='ocrx_word' id='word_1_139' title='bbox 205 2500 273 2560; x_wconf 92' lang='lat' dir='ltr'>qua</span> <span class='ocrx_word' id='word_1_140' title='bbox 288 2479 363 2540; x_wconf 88' lang='lat' dir='ltr'>illae</span> <span class='ocrx_word' id='word_1_141' title='bbox 379 2476 548 2556; x_wconf 88' lang='lat' dir='ltr'>bestiolae,</span> <span class='ocrx_word' id='word_1_142' title='bbox 563 2479 768 2560; x_wconf 83' lang='lat' dir='ltr'>reperiemur.</span> 
     </span>
    </p>

    <p class='ocr_par' dir='ltr' id='par_1_8' title="bbox 4 2567 1008 3083">
     <span class='ocr_line' id='line_1_22' title="bbox 4 2567 1007 2664; baseline -0.006 -17"><span class='ocrx_word' id='word_1_143' title='bbox 4 2567 6 2592; x_wconf 27' lang='grc' dir='ltr'>ᾖ</span> <span class='ocrx_word' id='word_1_144' title='bbox 155 2582 229 2646; x_wconf 88' lang='lat' dir='ltr'>XL.</span> <span class='ocrx_word' id='word_1_145' title='bbox 275 2581 326 2644; x_wconf 84' lang='lat'>95.</span> <span class='ocrx_word' id='word_1_146' title='bbox 353 2582 616 2646; x_wconf 74' lang='lat' dir='ltr'>Contemnamus</span> <span class='ocrx_word' id='word_1_147' title='bbox 635 2581 736 2664; x_wconf 84' lang='lat' dir='ltr'>igitur</span> <span class='ocrx_word' id='word_1_148' title='bbox 751 2599 867 2641; x_wconf 89' lang='lat' dir='ltr'>omnes</span> <span class='ocrx_word' id='word_1_149' title='bbox 890 2579 1007 2662; x_wconf 89' lang='lat' dir='ltr'>inepti·</span> 
     </span>
     <span class='ocr_line' id='line_1_23' title="bbox 108 2684 1007 2772; baseline -0.003 -23"><span class='ocrx_word' id='word_1_150' title='bbox 108 2708 157 2765; x_wconf 87' lang='lat' dir='ltr'>as,</span> <span class='ocrx_word' id='word_1_151' title='bbox 175 2686 281 2772; x_wconf 92' lang='lat' dir='ltr'>(quod</span> <span class='ocrx_word' id='word_1_152' title='bbox 304 2687 392 2748; x_wconf 89' lang='lat' dir='ltr'>enim</span> <span class='ocrx_word' id='word_1_153' title='bbox 415 2685 520 2749; x_wconf 91' lang='lat' dir='ltr'>levius</span> <span class='ocrx_word' id='word_1_154' title='bbox 551 2685 628 2748; x_wconf 86' lang='lat' dir='ltr'>huie</span> <span class='ocrx_word' id='word_1_155' title='bbox 649 2684 778 2747; x_wconf 88' lang='lat' dir='ltr'>levitati</span> <span class='ocrx_word' id='word_1_156' title='bbox 798 2704 921 2746; x_wconf 92' lang='lat' dir='ltr'>nomen</span> <span class='ocrx_word' id='word_1_157' title='bbox 947 2685 1007 2746; x_wconf 91' lang='lat' dir='ltr'>im·</span> 
     </span>
     <span class='ocr_line' id='line_1_24' title="bbox 108 2789 1008 2876; baseline 0 -24"><span class='ocrx_word' id='word_1_158' title='bbox 108 2789 272 2876; x_wconf 80' lang='lat' dir='ltr'>ponam‘l)</span> <span class='ocrx_word' id='word_1_159' title='bbox 297 2796 470 2871; x_wconf 90' lang='lat' dir='ltr'>totamque</span> <span class='ocrx_word' id='word_1_160' title='bbox 493 2791 561 2853; x_wconf 83' lang='lat' dir='ltr'>vim</span> <span class='ocrx_word' id='word_1_161' title='bbox 583 2792 668 2852; x_wconf 90' lang='lat' dir='ltr'>bene</span> <span class='ocrx_word' id='word_1_162' title='bbox 689 2789 823 2853; x_wconf 89' lang='lat' dir='ltr'>vivendi</span> <span class='ocrx_word' id='word_1_163' title='bbox 843 2791 878 2854; x_wconf 87' lang='lat' dir='ltr'>in</span> <span class='ocrx_word' id='word_1_164' title='bbox 902 2790 1008 2852; x_wconf 90' lang='lat' dir='ltr'>animi</span> 
     </span>
     <span class='ocr_line' id='line_1_25' title="bbox 107 2894 1006 2978; baseline -0.001 -20"><span class='ocrx_word' id='word_1_165' title='bbox 107 2897 223 2959; x_wconf 90' lang='lat' dir='ltr'>robore</span> <span class='ocrx_word' id='word_1_166' title='bbox 246 2915 287 2957; x_wconf 85' lang='lat' dir='ltr'>ao</span> <span class='ocrx_word' id='word_1_167' title='bbox 309 2894 551 2978; x_wconf 84' lang='lat' dir='ltr'>magnitudine,</span> <span class='ocrx_word' id='word_1_168' title='bbox 583 2900 618 2957; x_wconf 87' lang='lat' dir='ltr'>et</span> <span class='ocrx_word' id='word_1_169' title='bbox 649 2895 683 2956; x_wconf 92' lang='lat' dir='ltr'>in</span> <span class='ocrx_word' id='word_1_170' title='bbox 715 2895 867 2958; x_wconf 90' lang='lat' dir='ltr'>omnium</span> <span class='ocrx_word' id='word_1_171' title='bbox 898 2915 1006 2957; x_wconf 91' lang='lat' dir='ltr'>rerum</span> 
     </span>
     <span class='ocr_line' id='line_1_26' title="bbox 108 2999 1006 3083; baseline -0.001 -22"><span class='ocrx_word' id='word_1_172' title='bbox 108 3000 332 3062; x_wconf 88' lang='lat' dir='ltr'>humanarum</span> <span class='ocrx_word' id='word_1_173' title='bbox 348 2999 598 3082; x_wconf 84' lang='lat' dir='ltr'>contemptione</span> <span class='ocrx_word' id='word_1_174' title='bbox 614 3020 654 3063; x_wconf 87' lang='lat' dir='ltr'>ao</span> <span class='ocrx_word' id='word_1_175' title='bbox 670 2999 895 3083; x_wconf 82' lang='lat' dir='ltr'>despicientia,</span> <span class='ocrx_word' id='word_1_176' title='bbox 918 3004 952 3060; x_wconf 93' lang='lat' dir='ltr'>et</span> <span class='ocrx_word' id='word_1_177' title='bbox 971 3000 1006 3061; x_wconf 92' lang='lat' dir='ltr'>in</span> 
     </span>
    </p>
   </div>
   <div class='ocr_carea' id='block_1_8' title="bbox 4 3101 1006 3188">
    <p class='ocr_par' dir='ltr' id='par_1_9' title="bbox 4 3101 1006 3188">
     <span class='ocr_line' id='line_1_27' title="bbox 4 3101 1006 3188; baseline -0.002 -22"><span class='ocrx_word' id='word_1_178' title='bbox 4 3133 6 3154; x_wconf 56' lang='grc' dir='ltr'>ι</span> <span class='ocrx_word' id='word_1_179' title='bbox 108 3105 202 3166; x_wconf 90' lang='lat' dir='ltr'>omni</span> <span class='ocrx_word' id='word_1_180' title='bbox 217 3104 339 3166; x_wconf 85' lang='lat' dir='ltr'>virtute</span> <span class='ocrx_word' id='word_1_181' title='bbox 354 3124 529 3188; x_wconf 90' lang='lat' dir='ltr'>ponamus.</span> <span class='ocrx_word' id='word_1_182' title='bbox 576 3101 664 3166; x_wconf 89' lang='lat' dir='ltr'>Nam</span> <span class='ocrx_word' id='word_1_183' title='bbox 681 3125 770 3166; x_wconf 88' lang='lat' dir='ltr'>nuno</span> <span class='ocrx_word' id='word_1_184' title='bbox 792 3103 927 3185; x_wconf 90' lang='lat' dir='ltr'>quidem</span> <span class='ocrx_word' id='word_1_185' title='bbox 952 3124 1006 3164; x_wconf 88' lang='lat' dir='ltr'>oo·</span> 
     </span>
    </p>
   </div>
   <div class='ocr_carea' id='block_1_9' title="bbox 108 3205 1006 3394">
    <p class='ocr_par' dir='ltr' id='par_1_10' title="bbox 108 3205 1006 3394">
     <span class='ocr_line' id='line_1_28' title="bbox 108 3205 1006 3291; baseline -0.006 -21"><span class='ocrx_word' id='word_1_186' title='bbox 108 3208 329 3291; x_wconf 85' lang='lat' dir='ltr'>gitationibus</span> <span class='ocrx_word' id='word_1_187' title='bbox 345 3205 547 3270; x_wconf 87' lang='lat' dir='ltr'>mollissimis</span> <span class='ocrx_word' id='word_1_188' title='bbox 569 3206 806 3285; x_wconf 87' lang='lat' dir='ltr'>effeminamur,</span> <span class='ocrx_word' id='word_1_189' title='bbox 822 3212 868 3285; x_wconf 91' lang='lat' dir='ltr'>ut,</span> <span class='ocrx_word' id='word_1_190' title='bbox 884 3207 912 3268; x_wconf 88' lang='lat' dir='ltr'>si</span> <span class='ocrx_word' id='word_1_191' title='bbox 928 3211 1006 3266; x_wconf 87' lang='lat' dir='ltr'>ante</span> 
     </span>
     <span class='ocr_line' id='line_1_29' title="bbox 108 3309 1006 3394; baseline -0.008 -20"><span class='ocrx_word' id='word_1_192' title='bbox 108 3332 197 3374; x_wconf 89' lang='lat' dir='ltr'>mors</span> <span class='ocrx_word' id='word_1_193' title='bbox 233 3311 401 3388; x_wconf 82' lang='lat' dir='ltr'>adventet,</span> <span class='ocrx_word' id='word_1_194' title='bbox 430 3333 531 3392; x_wconf 85' lang='lat' dir='ltr'>quam</span> <span class='ocrx_word' id='word_1_195' title='bbox 566 3309 810 3373; x_wconf 88' lang='lat' dir='ltr'>Chaldaeorum</span> <span class='ocrx_word' id='word_1_196' title='bbox 844 3309 1006 3394; x_wconf 88' lang='lat' dir='ltr'>promissa</span> 
     </span>
    </p>
   </div>
   <div class='ocr_carea' id='block_1_10' title="bbox 4 3409 1006 3600">
    <p class='ocr_par' dir='ltr' id='par_1_11' title="bbox 4 3409 1006 3600">
     <span class='ocr_line' id='line_1_30' title="bbox 4 3409 1005 3498; baseline -0.007 -19"><span class='ocrx_word' id='word_1_197' title='bbox 4 3449 6 3458; x_wconf 94' lang='lat'><em>·</em></span> <span class='ocrx_word' id='word_1_198' title='bbox 108 3416 281 3478; x_wconf 77' lang='lat' dir='ltr'>consecuti</span> <span class='ocrx_word' id='word_1_199' title='bbox 315 3436 442 3493; x_wconf 76' lang='lat' dir='ltr'>sumne,</span> <span class='ocrx_word' id='word_1_200' title='bbox 476 3413 609 3498; x_wconf 87' lang='lat' dir='ltr'>spoliati</span> <span class='ocrx_word' id='word_1_201' title='bbox 642 3415 773 3498; x_wconf 81' lang='lat' dir='ltr'>magnis</span> <span class='ocrx_word' id='word_1_202' title='bbox 804 3409 1005 3495; x_wconf 87' lang='lat' dir='ltr'>quibusdam</span> 
     </span>
     <span class='ocr_line' id='line_1_31' title="bbox 4 3512 1006 3600; baseline -0.003 -17"><span class='ocrx_word' id='word_1_203' title='bbox 4 3565 5 3568; x_wconf 18' lang='grc' dir='ltr'><strong>κ</strong></span> <span class='ocrx_word' id='word_1_204' title='bbox 108 3519 215 3599; x_wconf 73' lang='lat' dir='ltr'>boniS,</span> <span class='ocrx_word' id='word_1_205' title='bbox 226 3519 326 3596; x_wconf 88' lang='lat' dir='ltr'>illusi,</span> <span class='ocrx_word' id='word_1_206' title='bbox 338 3519 556 3600; x_wconf 83' lang='lat' dir='ltr'>destitutique</span> <span class='ocrx_word' id='word_1_207' title='bbox 568 3517 749 3580; x_wconf 86' lang='lat' dir='ltr'>videamur.</span> <span class='ocrx_word' id='word_1_208' title='bbox 788 3516 838 3578; x_wconf 87' lang='grc'>96.</span> <span class='ocrx_word' id='word_1_209' title='bbox 858 3512 1006 3591; x_wconf 79' lang='lat' dir='ltr'>Quodsi</span> 
     </span>
    </p>
   </div>
   <div class='ocr_carea' id='block_1_11' title="bbox 0 0 1230 4096">
    <p class='ocr_par' dir='ltr' id='par_1_12' title="bbox 0 0 1230 4096">
     <span class='ocr_line' id='line_1_32' title="bbox 0 0 1230 4096; baseline 0 0"><span class='ocrx_word' id='word_1_210' title='bbox 0 0 1230 4096; x_wconf 95' lang='lat' dir='ltr'> </span> 
     </span>
    </p>
   </div>
  </div>
 </body>
</html>
