2420 4102
316 327 418 374 ursan
440 307 474 375 ι’
506 329 579 372 cnr.
602 329 677 373 xrn.
699 330 770 374 xrv.
946 311 989 383 17

86 495 254 568 bitreturl
301 495 396 564 Tolle
419 496 505 584 hanc
534 497 748 581 opinionemr
767 497 894 562 lucmm
919 519 989 562 rus·

85 600 217 668 tuleris,
261 600 370 672 Nemo
400 601 489 668 enim
512 607 637 671 maeret
666 622 729 664 suo
757 602 988 683 incommodo,

88 704 209 772 dolent
228 704 367 770 fortasse
396 709 433 766 et
460 710 636 787 anguntur,
666 705 725 770 sed
752 705 810 770 illa
838 705 988 789 lugubris

88 808 289 872 lamentatio
317 806 481 888 fletusque
507 828 660 874 maerens
685 829 725 872 ex
750 829 791 874 eo
817 814 878 886 est,
897 810 988 891 qnod

89 934 183 992 enm,
198 933 298 994 quem
314 912 500 990 dileximus,
516 913 606 980 uitae
619 913 804 980 commodis
820 913 987 998 priuatum

90 1017 288 1087 arbitramur
301 1016 402 1099 idque
417 1016 546 1084 sentire.
593 1016 705 1098 Atque
721 1016 803 1084 haec
816 1017 865 1082 itu
887 1019 986 1082 santi·

89 1141 168 1186 mus
198 1125 321 1186 natura
348 1119 446 1198 duce,
466 1118 559 1186 nulla
580 1120 709 1186 ratione
729 1120 887 1203 nullaque
910 1121 985 1186 doc·

88 1224 186 1288 trina.
241 1187 408 1316 wolff
419 1255 435 1268 ·

136 1325 234 1394 er,
276 1325 328 1391 31.
354 1317 543 1396 Maximum
574 1349 651 1392 vero
672 1334 907 1411 argumentum
925 1334 986 1406 est,

75 1437 246 1498 'naturam
262 1430 371 1514 ipsam
385 1430 427 1492 de
441 1429 692 1495 immortalitate
709 1432 896 1496 animorum
908 1431 987 1494 taci-

89 1539 163 1598 tam
174 1533 334 1617 indicare,
347 1533 439 1615 qnod
453 1536 610 1602 omnibus
625 1554 724 1598 curae
739 1539 826 1611 sunt,
837 1539 872 1596 et
884 1535 986 1598 maxi·

89 1659 167 1702 mae
182 1637 328 1718 quidem,
340 1659 429 1719 quaa
442 1643 670 1720 postmortem
682 1637 795 1704 futura
807 1638 881 1700 sint
931 1635 986 1700 Se·

88 1743 135 1806 rit
149 1741 291 1818 arborea,
305 1761 386 1820 quae
402 1743 498 1808 mart
511 1742 639 1813 sumtu
662 1742 798 1820 prosint,
820 1747 860 1806 ut
881 1741 929 1806 ait
951 1741 985 1806 in

93 1845 320 1930 Synephebis3
351 1845 432 1927 quid
455 1850 627 1928 spectans,
642 1845 706 1907 nisi
729 1846 830 1907 etiarn
854 1851 986 1928 postera

90 1947 226 2016 saecula
256 1948 299 2018 ad
328 1967 366 2012 sc
393 1947 576 2032 pertinere?
621 1947 712 2032 Ergo
742 1950 871 2016 arbores
901 1953 986 2012 seret

89 2052 234 2135 diligens
254 2051 407 2136 agricola,
433 2072 575 2133 quarum
598 2051 760 2135 adspiciet
774 2053 894 2118 bacam
914 2052 985 2136 ipse

89 2177 283 2238 nunqnam:
304 2156 354 2219 vir
376 2177 519 2240 magnus
540 2154 640 2240 leges,
655 2157 818 2236 instituta,
832 2179 901 2226 rern
926 2179 985 2242 pu·

88 2260 212 2322 blicam
235 2281 302 2322 non
325 2257 432 2322 seretl
480 2257 574 2336 Quid
596 2261 777 2348 procreatio
800 2262 985 2339 liberorum,

89 2362 172 2446 qnid
187 2363 382 2447 propagatio
406 2363 658 2444 numinianum
677 2363 909 2447 adoptationes
925 2363 985 2426 fili-

89 2489 196 2546 orum,
211 2468 292 2549 qnid
313 2473 589 2532 testamentorum
611 2466 793 2550 diligentia,
808 2467 889 2549 quid
911 2468 986 2549 ipsa

90 2571 315 2656 sepulcrorum
330 2577 559 2649 monumenta,
570 2570 652 2652 qnid
663 2571 772 2652 elogia
784 2568 985 2652 significant,

90 2676 155 2740 nisi
171 2697 232 2738 nos
246 2675 358 2737 futura
369 2676 472 2738 etiam
484 2671 655 2758 cogitare?
696 2658 747 2736 32.
775 2672 866 2750 Quid
879 2672 985 2736 illudi

91 2800 173 2842 num
188 2778 333 2856 dubitas,
347 2779 428 2860 quin
445 2779 613 2861 specimen
628 2784 766 2840 naturae
781 2779 856 2862 cepi
868 2778 986 2842 deceat

92 2904 132 2945 ex
154 2883 283 2966 optima
297 2903 431 2964 quaqua
446 2881 588 2944 natura?
608 2903 694 2964 qnae
717 2888 768 2946 est
789 2882 904 2946 melior
926 2883 985 2966 igi-

91 2987 205 3052 turin
231 2986 410 3054 hominum
436 3005 555 3070 genera
584 2991 713 3063 natura,
734 3007 837 3066 quam
860 3007 985 3065 eorum,
1044 3013 1046 3018 ’

93 3090 148 3172 qui
174 3111 209 3156 se
236 3095 333 3152 natos
358 3088 402 3153 ad
431 3089 582 3156 homines
608 3088 786 3172 juvandos,
815 3089 984 3169 tutandos,

93 3192 338 3259 conservandos
351 3190 571 3258 arbitrantur!
621 3192 713 3260 Abiit
734 3192 777 3258 ad
800 3192 880 3256 deos
905 3192 985 3256 Her-

94 3297 200 3363 cules:
223 3319 396 3379 nunquam
427 3298 560 3374 abisset,
589 3298 664 3376 nisi,
691 3319 797 3379 quum
822 3299 907 3361 inter
929 3299 985 3360 ho·

94 3402 199 3468 mines
215 3406 313 3480 esset,
328 3422 403 3464 earn
419 3400 482 3466 sibi
497 3401 589 3468 viam
611 3402 816 3468 munivisset.
862 3400 985 3468 Vetera

94 3504 243 3588 jamista
257 3509 291 3568 et
304 3504 462 3590 religione
477 3503 630 3572 «tmuium
645 3508 849 3571 consecrata.

437 3605 459 3669 2
