2450 4096
197 285 241 352 88
533 305 619 349 curo
643 305 761 364 usion,

198 495 301 560 quam
316 475 497 555 dubitasse,
512 475 593 558 quin
609 495 649 538 ex
672 475 826 537 universa
848 477 961 536 mente
984 472 1101 534 divina

199 580 363 644 delibatos
386 580 517 642 animos
548 580 761 660 haberemus3
784 578 1102 641 demonstrabantur

201 685 283 748 mihi
299 689 476 768 praeterea,
491 704 579 766 quae
598 682 752 748 Socrates
768 703 923 767 supremo
939 683 1028 744 vitae
1043 681 1102 744 die

201 790 243 853 de
265 789 515 852 immortalitate
538 789 726 852 animorum
749 788 967 866 disseruisset,
986 789 1025 865 is,
1040 788 1101 870 qui

202 900 291 958 esset
312 895 465 957 omnium
488 893 755 977 sapientissimus
777 892 911 955 oraculo
936 891 1102 975 Apollinis

127 1051 131 1058 .
199 999 379 1082 judicatus.
428 997 523 1074 Quid
538 995 668 1060 multa?
695 997 744 1060 sic
766 997 848 1059 mihi
870 996 1029 1080 persuasi,
1051 997 1103 1058 sic

204 1101 330 1163 sentio:
352 1121 458 1182 quum
473 1106 570 1162 tanta
582 1101 731 1163 celeritas
741 1101 927 1163 animorum
941 1101 993 1177 sit,
1005 1105 1104 1162 tanta
1199 1141 1200 1182 ,

204 1205 365 1296 memoria
376 1206 636 1288 praeteritorum,
647 1206 899 1288 futurorumque
915 1206 1103 1290 prudentia,

204 1315 256 1372 tot
271 1314 356 1372 artes
371 1314 486 1372 tantae
502 1309 670 1388 scientiae,
681 1315 734 1372 tot
747 1310 901 1389 iuventa;
923 1331 991 1373 non
1005 1331 1103 1395 posse

205 1435 281 1476 eam
297 1421 461 1493 naturam,
476 1435 628 1496 quaeres
648 1435 705 1476 eas
720 1416 900 1494 contineat,
922 1436 995 1478 esse
1018 1436 1104 1478 mor-

205 1518 326 1582 talem:
349 1539 520 1601 quumque
550 1538 679 1602 semper
708 1519 852 1603 agitetur
875 1519 1018 1598 animus,
1042 1540 1105 1583 uec

206 1623 405 1707 principium
436 1629 548 1686 motus
571 1623 702 1701 lrabeat,
717 1623 798 1705 quia
813 1644 848 1685 se
863 1624 934 1707 ipse
950 1629 1104 1703 moveat3

208 1751 247 1792 ne
282 1726 384 1790 finem
408 1727 544 1809 quidem
567 1728 757 1790 habiturum
780 1748 853 1791 esse
875 1735 998 1808 motus,
1021 1729 1105 1811 quia

206 1850 380 1913 nunquam
404 1852 439 1893 se
461 1831 532 1915 ipse
556 1831 600 1895 sit
620 1830 809 1895 relicturus:
832 1838 874 1910 et,
897 1853 1001 1915 quum
1025 1835 1105 1896 sim·

206 1934 281 2019 plex
304 1935 409 1997 animi
432 1941 551 1998 natura
573 1941 669 2014 esset,
700 1957 809 2019 neque
843 1937 977 2000 haberet
1009 1938 1043 1999 in
1068 1958 1105 2000 se

206 2038 393 2121 quidquam
409 2039 595 2102 admixtum
612 2039 724 2123 dispar
740 2042 792 2103 sui
816 2047 917 2123 atque
932 2041 1105 2119 dissimile,

206 2165 272 2207 non
297 2165 395 2227 posse
417 2165 495 2207 eum
519 2144 637 2225 dividi;
659 2145 749 2227 quod
765 2146 794 2208 si
808 2167 876 2209 non
899 2148 1014 2230 possit,
1036 2168 1105 2210 non

206 2269 304 2332 posse
316 2248 463 2310 interire:
487 2268 677 2332 magnoque
692 2269 763 2312 esse
779 2257 986 2334 argumento,
998 2250 1107 2315 homi-

206 2373 265 2416 nes
281 2353 363 2417 scire
379 2353 534 2438 pleraque
550 2359 628 2416 ante
644 2375 747 2435 quam
763 2356 834 2416 nati
847 2356 922 2433 sint,
935 2355 1023 2437 quod
1030 2357 1106 2438 jam

205 2459 309 2544 pueri,
324 2479 430 2541 quum
446 2464 532 2520 artes
554 2449 704 2521 difficiles
726 2459 866 2539 discant,
889 2461 937 2522 ita
960 2459 1107 2523 celeriter

200 2585 256 2627 res
271 2563 530 2626 innumerabiles
545 2550 713 2647 arripiant,
728 2570 768 2626 ut
783 2585 840 2626 eas
863 2586 930 2627 non
953 2571 1025 2628 tum
1042 2566 1108 2648 pri·

205 2687 300 2730 mum
324 2669 471 2751 accipere
495 2657 677 2746 (rideantur,
692 2669 749 2731 sed
772 2669 940 2732 reminisci
954 2675 1108 2733 etrecor·

205 2769 285 2832 dari.
331 2768 426 2832 Haec
443 2770 593 2833 Platonis
608 2772 685 2837 fere.

251 2871 368 2936 XXIL.
388 2873 491 2956 Apud
524 2872 782 2959 Xenophontem
814 2884 929 2943 autem
960 2878 1108 2942 moriens

209 2975 316 3059 Cyrus
331 2975 437 3060 major
453 2977 651 3042 haecdicit:

249 3079 393 3144 “Nolite
416 3082 574 3162 arbitrari,
600 3082 631 3148 Ο
655 3084 738 3147 mihi
759 3083 924 3148 carissimi
948 3081 1017 3162 filii,
1041 3105 1108 3164 mc,

205 3183 313 3269 quum
334 3208 356 3250 a
370 3188 465 3250 vobis
489 3187 678 3268 discessero,
701 3210 868 3273 nusquam
893 3196 953 3252 aut
975 3167 1118 3252 nullum·

205 3291 283 3354 fore.
330 3291 402 3355 Neo
418 3293 518 3371 enim,
540 3292 622 3357 dum
646 3315 736 3356 eram
752 3295 935 3372 vobiscum,
951 3280 1107 3356 animum

205 3411 320 3454 meum
342 3391 524 3454 videbatis:
548 3393 607 3455 sed
628 3413 707 3456 eum
730 3415 801 3457 esse
824 3395 859 3457 in
886 3394 949 3456 hoc
971 3413 1108 3475 corpore

206 3509 247 3550 ex
261 3479 303 3554 iis
317 3493 425 3571 rebus,
441 3513 527 3574 quas
542 3495 708 3576 gerebam,
724 3493 968 3577 intelligebatis.
1014 3491 1108 3556 Eun·
