2450 4096
307 299 409 344 amaa
431 301 453 342 1.
497 299 567 342 cnr.
589 299 711 342 xxvru.
734 299 829 342 xxix.
968 277 1011 342 37

118 474 192 526 tum
215 465 465 529 multitudinem
488 467 664 549 pecudum,
686 467 806 549 partim
822 464 865 527 ad
879 486 1010 528 vescen-

118 566 210 644 dum,
225 569 347 650 partim
361 569 405 630 ad
428 569 536 632 cultus
561 590 723 652 agrorum,
747 569 865 652 partim
891 568 934 630 ad
957 589 1010 629 ve·

119 670 275 747 bendum,
305 672 425 753 partim
449 671 493 733 ad
522 692 657 754 corpora
688 670 876 749 vestienda3
907 671 1010 732 homi·
1055 730 1058 736 .

117 793 261 854 nemque
283 774 406 856 ipsum,
428 775 526 855 quasi
547 774 840 856 contemplatorem
863 772 947 835 caeli
970 793 1009 834 ac

118 875 265 952 deorum,
295 897 477 957 eorumque
521 877 699 954 cultorem;
735 882 836 957 atque
866 875 1009 938 hominis

116 977 256 1038 utilitati
286 999 382 1060 agros
406 998 522 1040 omnes
545 984 578 1040 et
601 979 704 1039 maria
726 976 1007 1060 patentior—70.

116 1079 198 1140 haee
212 1080 314 1162 igitur
329 1085 363 1140 et
375 1079 441 1140 alia
453 1079 705 1141 innumerabilia
717 1099 821 1159 quum
833 1079 1007 1156 cernimuS,

115 1201 338 1264 possumusne
354 1182 516 1258 dubitare,
532 1182 612 1262 quin
627 1182 668 1243 iis
683 1183 805 1264 praesit
820 1181 939 1262 aliquis
955 1181 1007 1244 vel

115 1281 256 1360 effector,
282 1285 311 1345 si
336 1284 418 1345 haec
440 1289 519 1346 nata
541 1289 629 1360 sunt,
655 1291 694 1345 ut
715 1283 848 1346 Platoni
869 1284 1006 1361 videtur,

114 1386 174 1462 vel,
198 1387 228 1446 si
250 1407 378 1468 semper
392 1387 535 1463 fuerunt,
550 1392 589 1449 ut
606 1385 775 1448 Aristoteli
803 1385 920 1468 placet,
936 1407 1005 1447 mo-

114 1488 244 1550 derator
265 1490 352 1550 tanti
374 1489 480 1570 operis
503 1493 537 1550 et
558 1486 727 1550 muneris?
780 1487 837 1550 Sic
859 1493 1004 1550 mentem

114 1592 271 1668 hominia,
286 1593 440 1672 quamvis
455 1612 531 1652 eam
547 1611 613 1653 non
628 1590 752 1666 videas,
767 1595 807 1651 ut
820 1590 919 1651 deum
938 1611 1004 1652 non

113 1693 216 1771 videa,
231 1700 355 1771 tamen,
369 1699 407 1755 ut
422 1694 522 1756 deum
539 1695 692 1776 agnoscis
703 1714 742 1754 ex
755 1693 908 1775 operibus
923 1693 1004 1775 ejuS,

113 1798 160 1858 sio
175 1817 216 1856 ex
232 1797 392 1858 memoria
406 1816 524 1873 rerum,
535 1803 569 1858 et
579 1797 779 1874 inventione,
794 1800 828 1857 et
839 1795 1003 1858 celeritate

112 1905 235 1975 motus,
251 1900 408 1979 omnique
423 1899 666 1981 pulchritudine
681 1899 810 1960 virtutis
832 1899 900 1960 vim
922 1898 1002 1960 divi·

111 2022 189 2063 nam
207 2001 328 2062 mentis
344 2001 526 2083 agnoscite.

155 2103 285 2167 XXIX.
310 2103 348 2165 In
363 2125 430 2184 quo
452 2105 554 2186 igitur
574 2103 647 2166 loco
670 2102 743 2166 est?
791 2103 897 2166 Credo
912 2105 1002 2185 equi·

112 2205 188 2269 dem
211 2208 246 2268 in
273 2208 392 2290 eapite,
415 2213 457 2283 et,
480 2227 537 2268 eur
558 2206 700 2284 credam,
723 2205 833 2268 afferre
856 2227 1002 2290 possum.

115 2309 181 2372 Sed
206 2309 301 2390 alias,
324 2310 383 2372 ubi
405 2309 450 2395 sit
472 2311 624 2388 animus;
647 2316 732 2372 certe
755 2309 889 2390 quidem
911 2312 946 2370 in
968 2315 1002 2370 te

113 2418 169 2473 est

133 2547 136 2552 ,
159 2513 259 2589 Quae
282 2520 334 2576 est
355 2515 386 2576 ei
408 2513 550 2577 natura?
596 2515 739 2596 Propria,
761 2518 852 2594 puto,
875 2517 909 2574 et
930 2532 1000 2573 sua

118 2615 181 2678 Sed
198 2618 253 2679 fac
267 2618 410 2700 igneam,
426 2618 480 2679 fae
495 2616 701 2700 spirabilem:
724 2614 806 2678 nihil
828 2614 872 2677 ad
893 2614 937 2691 id,
960 2613 1001 2675 de

18 2723 19 2726 ’
114 2740 178 2800 quo
194 2721 337 2803 agimus.
382 2721 468 2782 Illud
484 2720 585 2782 modo
600 2720 721 2798 videto,
736 2725 775 2780 ut
788 2719 887 2781 deum
905 2712 1025 2796 noris,⁸

115 2823 173 2884 etsi
188 2823 261 2905 ejus
275 2823 406 2906 ignores
422 2829 457 2885 et
471 2823 581 2886 locum
598 2829 632 2886 et
646 2825 775 2900 faciem,
791 2823 839 2884 sie
850 2823 1000 2884 animum

18 2987 19 2990 ,
114 2925 171 2986 tibi
192 2932 290 2987 tuum
312 2931 431 2988 notum
454 2947 525 2987 esse
548 2933 705 3008 oportere,
730 2927 829 2988 etiarn
855 2927 884 2986 si
908 2927 1000 3008 igno·

18 3101 19 3110 ³
114 3045 161 3089 res
182 3034 216 3090 et
236 3028 347 3091 locum
371 3035 405 3091 et
425 3031 578 3094 formam.
623 3031 673 3092 71.
698 3031 737 3093 In
760 3031 864 3092 animi
887 3035 1000 3091 autem

18 3123 19 3214 s
116 3132 299 3213 cognitione
315 3132 465 3194 dubitare
482 3153 546 3194 non
571 3154 758 3216 possumus,
775 3134 837 3194 nisi
854 3132 950 3214 plane
964 3132 999 3192 in

116 3233 254 3316 physicis
277 3234 425 3316 plumbei
451 3256 576 3313 sumus,
603 3237 685 3316 quin
709 3235 790 3298 nihil
816 3237 859 3296 sit
879 3235 998 3296 animis

116 3335 305 3414 admixtum,
336 3338 417 3400 nihil
446 3345 646 3415 concretum,
683 3339 763 3400 nihil
795 3336 997 3419 copulatum,

18 3473 19 3486 2
117 3437 191 3504 nihil
205 3446 488 3525 coagmentatum,
503 3441 584 3504 nihil
599 3440 730 3524 duplex.
779 3438 881 3515 Quod
892 3457 998 3516 quum
