2450 4096
196 265 240 334 38
361 285 625 330 ruscunnnnsuu
646 285 918 329 msrursrronun

196 455 245 517 ita
259 453 311 530 sit,
326 459 412 516 certe
429 473 488 515 nee
510 452 642 530 secerni,
658 471 718 514 nec
732 450 844 528 dividi,
858 471 920 512 nec
935 450 1076 535 discerpi

197 577 258 620 nec
286 557 423 619 distrahi
451 560 577 638 potest;
607 575 667 616 nee
695 555 823 616 interire
851 553 960 636 igitur.
1021 555 1086 618 Est

197 661 283 722 enim
300 641 451 722 interitus
465 657 560 738 quasi
575 656 740 718 discessus
760 663 796 718 et
815 657 950 718 secretio
974 677 1015 718 ae
1036 657 1086 718 di-

196 769 342 845 remptus
371 780 484 822 eanrrn
513 760 668 843 partium,
697 779 785 840 quae
812 761 889 820 ante
910 758 1084 821 interitum

193 867 363 948 junctione
380 863 491 945 aliqua
505 865 709 926 tenebantur.

241 967 303 1028 His
325 966 502 1027 cibalibus
530 964 712 1027 rationibus
741 963 904 1026 adductus
929 962 1082 1027 Socrates

197 1087 256 1129 neo
272 1073 447 1149 patronum
463 1067 626 1147 quaesivit
640 1066 682 1129 sd
697 1066 861 1148 judicium
876 1066 1004 1148 capitis,
1020 1088 1082 1129 nec

191 1169 360 1251 judicibus
382 1169 519 1250 supplex
534 1169 608 1245 fuit,
627 1169 842 1249 adhibuitque
855 1167 992 1230 liberam
1007 1189 1082 1230 con·
1202 1159 1204 1166 ¹

195 1269 388 1348 tumaciam,
403 1291 423 1332 a
439 1271 668 1354 magnitudine
690 1271 793 1332 animi
815 1270 963 1346 ductam,
976 1289 1044 1332 uon
1060 1292 1080 1334 a

195 1374 365 1455 superbia3
387 1379 421 1435 et
436 1393 589 1456 supremo
604 1375 691 1436 vitae
706 1373 761 1436 die
774 1373 816 1434 de
831 1373 892 1434 hoc
906 1374 980 1455 ipso
997 1374 1080 1436 mul·

194 1481 230 1538 ta
251 1477 421 1554 disseruit3
443 1483 477 1539 et
499 1477 614 1559 paucis
628 1482 705 1536 ante
719 1475 845 1552 diebus,
863 1493 968 1555 quum
983 1476 1082 1538 facile

194 1586 307 1661 posset
320 1580 417 1640 educi
431 1597 449 1639 e
464 1579 625 1655 custodia,
648 1577 770 1655 noluit;
791 1584 825 1638 et
846 1597 951 1658 quum
974 1599 1083 1659 paene

193 1683 228 1742 in
244 1701 346 1742 manu
357 1682 429 1763 jam
444 1682 647 1743 mortiferum
661 1681 743 1742 illud
764 1687 889 1742 senaa
911 1680 1081 1763 poculum,
1202 1763 1208 1770 Π

193 1781 323 1843 loeutus
338 1783 385 1843 ita
407 1789 465 1858 est,
485 1788 525 1845 ut
546 1803 611 1844 non
631 1784 677 1846 ,ad
700 1789 838 1844 mortem
853 1782 950 1859 trudi,
965 1803 1081 1846 verum

193 1884 228 1945 in
244 1884 373 1946 eaelum
389 1884 552 1947 videretur
563 1885 747 1948 ascendere.
778 1861 938 1948 mio

238 1986 348 2050 XXX.
388 1987 440 2049 Ita
463 1989 552 2051 enim
578 1990 742 2066 censebat,
765 1987 878 2067 itaque
908 1985 1079 2050 disseruit:

193 2087 278 2150 duas
298 2110 370 2150 esse
391 2091 462 2152 vias
485 2091 698 2174 duplicesque
718 2111 833 2154 cursus
855 2091 1043 2152 animorum
1058 2110 1078 2151 e

193 2211 324 2273 corpore
354 2191 593 2255 excedentium.
636 2193 687 2255 72.
711 2193 799 2254 Nam
823 2193 938 2274 quise
965 2193 1079 2254 huma-

193 2295 244 2355 nis
267 2295 355 2355 vitiis
377 2298 701 2373 contaminavissent,
722 2303 755 2358 et
777 2316 811 2377 se
834 2301 922 2357 totos
936 2294 1078 2356 libidini·

192 2399 254 2460 bus
283 2398 459 2476 dedissent,
489 2401 609 2480 quibus
638 2399 763 2459 caecati
800 2397 852 2459 vel
887 2396 1077 2458 domesticis

191 2502 280 2563 vitiis
296 2508 396 2582 atque
412 2501 546 2584 flagitiis
562 2522 597 2564 se
611 2501 883 2581 inquinavissent,
898 2498 949 2559 vel
970 2520 1004 2560 re
1019 2519 1077 2581 pu·

191 2603 277 2665 blica
298 2605 454 2666 violanda
467 2605 599 2666 fraudes
613 2602 826 2686 inexpiabiles
841 2602 1077 2684 concepissent,

187 2696 232 2764 'iis
247 2704 381 2766 devium
396 2704 565 2784 quoddam
579 2706 641 2766 iter
654 2726 734 2782 esse,
755 2703 919 2766 seclusum
935 2723 957 2764 a
971 2703 1078 2766 conoi-
1104 2753 1108 2784 :

191 2804 236 2866 lio
265 2804 421 2883 deorum;
443 2805 501 2884 qui
530 2812 645 2868 autem
673 2829 709 2870 se
729 2808 874 2888 integros
903 2812 1077 2886 castosque

192 2907 417 2983 servavissent,
433 2908 619 2989 quibusque
634 2909 753 2972 fuisset
765 2909 904 2971 minima
919 2928 996 2969 cum
1012 2926 1078 2968 cor·

191 3009 325 3090 poribus
341 3011 505 3093 contagio,
521 3031 657 3092 seseque
672 3012 770 3073 abiis
785 3032 912 3094 semper
930 3029 1077 3072 sevooas·

193 3117 275 3189 sent,
305 3118 478 3194 essentque
508 3114 542 3175 in
572 3114 759 3196 corporibus
788 3114 944 3176 humanis
973 3112 1077 3173 vitam

192 3215 315 3277 imitati
341 3215 597 3293 deorum—his
614 3215 657 3278 ad
678 3216 759 3293 illos,
782 3237 803 3278 a
824 3216 945 3297 quibus
968 3217 1078 3276 esseni

192 3318 336 3401 profecti,
368 3319 510 3381 reditum
539 3319 669 3381 facilem
702 3325 821 3401 patere.
880 3317 932 3379 73.
961 3316 1077 3397 Itaque

193 3427 438 3500 commemorat,
453 3427 491 3484 ut
505 3423 613 3506 cygni,
624 3421 683 3503 qui
697 3443 764 3484 non
780 3421 850 3484 sine
865 3441 968 3484 causa
982 3417 1081 3504 Apol·
