2420 4102
221 309 303 374 xviii
542 327 800 372 ruvacuuerrou.

220 499 332 562 doleam,
349 497 502 569 praesertim
520 513 601 568 quum
617 495 645 550 id
663 496 720 550 sine
742 495 796 549 ullo
820 511 897 549 sensu
920 496 1038 550 futurum
1061 495 1102 551 sit.

224 589 305 657 (Ibid.
316 587 363 640 VI.
373 586 421 656 iv.)
460 585 547 639 “Una
558 583 624 637 ratio
636 583 750 646 videtur,
761 582 890 653 quidquid
907 584 1035 649 evenerit,
1045 584 1117 640 fene

221 675 363 738 moderate,
380 671 533 742 praesertim
551 689 633 741 quum
650 669 767 724 omnium
786 687 876 724 rerum
895 689 964 724 mors
981 671 1014 724 sit
1031 679 1119 726 extre·

221 764 318 816 mum.”
355 761 439 831 (Ibid.
454 760 502 813 VI.
514 759 583 830 xxi.)

256 849 309 903 We
326 866 386 918 may
403 847 485 904 insert
501 847 565 900 bere
582 846 684 900 several
700 847 777 900 other
789 863 908 916 passages
925 845 992 900 from
1005 846 1120 902 Cicero’e

222 935 511 1005 writings,bea1ing0n
529 951 579 987 our
595 934 710 1003 subject3
727 934 773 987 the
790 933 847 986 first
863 934 930 986 from
947 933 993 986 the
1010 935 1121 988 Horten·

221 1023 282 1086 tius,
294 1021 364 1074 cited
375 1022 411 1090 by
425 1021 463 1074 St.
476 1020 632 1091 Augustino,
643 1022 685 1074 De
700 1021 771 1074 Trita
783 1021 841 1074 Lib.
853 1021 934 1076 XIV.
946 1039 969 1074 c.
981 1021 1037 1074 xix.
1045 1040 1097 1072 :-

256 1115 272 1142 “
283 1110 359 1173 Quae
368 1108 442 1162 nobis
451 1109 506 1162 dies
517 1117 660 1179 noctesque
672 1109 903 1174 considerantibus,
912 1110 1121 1181 acuentibusque

221 1195 427 1266 intelligentiam,
435 1213 503 1266 quae
512 1203 551 1250 cst
559 1197 654 1250 mentis
664 1196 741 1262 acies,
749 1196 955 1267 caventibusque
965 1215 1000 1250 ne
1012 1200 1120 1268 quando

221 1283 408 1348 illabebescat,
426 1283 465 1354 [id
483 1283 571 1348 estin
589 1283 750 1354 philosophia
761 1283 929 1352 viventibus]
948 1301 1043 1355 magna
1059 1304 1120 1356 spes

222 1377 269 1436 est,
281 1378 328 1424 aut
338 1371 359 1424 si
370 1371 428 1435 boe,
439 1389 492 1441 quo
509 1371 635 1424 sentimus
652 1379 680 1424 et
696 1371 817 1441 sapimus,
830 1371 939 1425 mortale
951 1380 979 1424 et
989 1374 1119 1426 caducum

222 1465 268 1524 est,
277 1458 431 1529 jucundum,
436 1457 518 1523 nobis,
531 1457 674 1528 pertimetis
685 1457 837 1512 muneribus
848 1458 976 1524 humanis,
989 1476 1119 1526 occasum,

221 1563 309 1618 neque
326 1547 459 1600 molestam
477 1545 677 1600 exstinctionem
695 1552 722 1598 et
739 1545 812 1616 quasi
830 1545 944 1616 quietem
956 1545 1027 1600 vitae
1043 1546 1118 1602 iore:

222 1641 267 1687 aut
278 1634 307 1700 si,
319 1642 349 1686 ut
360 1634 474 1704 antiquis
485 1634 652 1704 philosophis,
664 1634 747 1704 iisque
759 1635 878 1688 maximis
889 1634 1019 1706 longeque
1031 1637 1120 1690 elaris-

222 1720 298 1786 simis,
310 1721 416 1790 placuit,
428 1729 548 1774 aeternos
565 1721 712 1774 animosae
730 1721 832 1776 divinos
850 1723 990 1776 habemus:
1009 1723 1043 1778 sic
1061 1725 1119 1778 exi-

221 1808 378 1861 stimandum
394 1816 441 1874 est,
460 1827 513 1879 quo
529 1809 611 1880 magis
623 1809 650 1862 hi
662 1810 761 1864 fuerint
777 1829 880 1882 semper
892 1811 918 1864 in
931 1829 1017 1878 eursu,
1028 1813 1056 1865 id
1068 1821 1118 1880 est,

221 1894 250 1948 in
267 1897 368 1949 ratione
386 1904 414 1949 et
430 1895 604 1967 investigandi
622 1897 773 1968 eupiditate,
786 1907 876 1970 etque
888 1899 974 1952 minus
990 1918 1019 1954 se
1035 1901 1120 1954 admi-

221 1984 336 2037 scuerint
353 1992 432 2054 atque
449 1985 625 2056 implicuerint
641 1987 776 2040 bominum
793 1987 862 2042 vitiis
879 1996 959 2058 atque
976 1989 1118 2056 erroribus,

221 2072 271 2125 hoe
279 2072 311 2125 iis
320 2072 461 2126 faciliorem
470 2075 623 2128 adscensum
634 2083 661 2129 et
673 2077 787 2129 reditum
797 2077 826 2130 in
837 2078 939 2131 eaelum
950 2079 1013 2132 fora
1044 2078 1120 2143 Qua-

221 2167 336 2229 propter,
349 2161 530 2231 utaliquando
541 2163 698 2216 terminetur
709 2164 800 2230 oratio,
812 2164 832 2218 si
845 2173 891 2218 aut
902 2165 1033 2236 exstingui
1044 2174 1119 2222 tran·

221 2245 301 2317 quille
318 2247 445 2314 volumus,
462 2268 544 2320 quum
561 2249 589 2302 in
606 2250 646 2303 bis
657 2251 756 2304 artibus
767 2251 917 2318 vixerimus,
929 2261 975 2306 aut
986 2253 1006 2306 si
1019 2271 1054 2306 ex
1065 2253 1118 2308 hac

220 2333 249 2388 in
261 2334 338 2388 aliam
348 2335 420 2388 baud
436 2337 523 2406 paullo
534 2337 668 2392 meliorem
680 2339 786 2391 domum
803 2339 859 2392 sine
876 2357 949 2392 mora
961 2339 1118 2410 demigrare,

220 2420 248 2475 in
260 2421 300 2475 bis
312 2422 401 2476 studiis
412 2423 486 2478 nobis
497 2424 580 2478 omnis
592 2442 673 2495 opera
684 2433 712 2478 et
724 2443 788 2478 cura
799 2428 922 2496 ponenda
934 2417 995 2480 est.”

233 2517 237 2522 '
257 2509 308 2563 See
320 2509 374 2564 also
385 2511 496 2565 another
513 2519 615 2566 extract
631 2512 700 2566 from
717 2512 763 2565 the
780 2512 937 2566 Hortensius
948 2513 975 2566 in
987 2513 1117 2569 thesemo

221 2597 325 2652 ummo
337 2598 368 2652 of
377 2597 415 2650 st
428 2599 585 2670 Augustine,
597 2599 656 2653 Lib.
668 2599 718 2654 IV·
729 2617 751 2654 c.
764 2600 790 2652 ii.

254 2685 296 2737 De
308 2685 423 2736 Dictum
434 2683 455 2736 1.
467 2701 548 2736 xxx:
565 2691 581 2717 ‘⁶
591 2684 681 2746 Quum
693 2702 755 2754 ergo
765 2693 805 2738 est
813 2705 903 2741 somno
912 2696 1047 2742 sevocatus
1058 2689 1117 2743 ani-

219 2787 277 2822 mus
289 2787 305 2822 a
316 2769 447 2833 societate,
459 2775 487 2822 et
498 2786 516 2822 a
525 2769 681 2838 contagione
697 2772 820 2840 corporis,
832 2781 888 2826 tum
905 2775 1022 2828 meminit
1039 2794 1117 2846 prae-

220 2856 365 2920 teritorum,
384 2854 533 2924 praesentia
550 2854 645 2920 cernit,
657 2855 747 2908 futura
767 2859 911 2927 praevidet
945 2861 1023 2915 Jaeet
1043 2863 1116 2918 enim

219 2959 314 3011 corpus
332 2940 491 3007 dormientis,
508 2949 539 2994 ut
556 2942 665 3010 mortui,
683 2941 756 3014 viget
772 2952 860 2998 autem
873 2953 900 2998 et
914 2947 980 3000 vivit
996 2950 1115 3004 animus:

219 3029 290 3098 quod
302 3029 384 3082 multo
395 3028 476 3100 magis
492 3029 571 3086 faciat
588 3038 776 3102 postmortem,
788 3050 870 3103 quum
884 3035 989 3088 omnino
1001 3055 1115 3108 corpore

219 3115 369 3170 excesserit.
405 3117 499 3190 Itaque
510 3119 738 3192 appropinquante
750 3128 833 3176 morte
846 3123 927 3176 multo
940 3132 979 3176 est
990 3124 1113 3180 divinior.

150 3250 152 3253 ,
218 3202 287 3256 Nam
299 3211 327 3256 et
337 3203 365 3256 id
376 3205 461 3276 ipsum
478 3206 577 3275 vident,
591 3208 638 3280 qui
655 3217 717 3262 sunt
733 3210 824 3264 morbo
841 3211 915 3282 gravi
933 3219 959 3264 et
977 3213 1112 3270 mortifero

218 3291 314 3357 affecti,
333 3291 430 3347 instare
453 3303 573 3350 mortem.
619 3297 712 3368 Itaque
733 3298 772 3352 his
792 3307 934 3352 occurrunt
954 3300 1111 3372 plerumque

217 3378 343 3450 imagines
363 3389 541 3436 mortuorum:
567 3392 674 3456 tumque
694 3386 738 3438 vel
758 3387 871 3442 maxime
895 3388 965 3441 laudi
986 3389 1111 3444 student:

217 3484 314 3537 eosque
326 3467 371 3538 qui
383 3487 464 3535 secus,
476 3488 555 3540 quam
572 3473 667 3539 decuit,
680 3472 812 3540 vixerunt,
824 3483 991 3544 peccatorum
1003 3493 1110 3533 suorum

218 3560 273 3692 Ἤ
292 3556 406 3610 maxime
427 3558 566 3627 poenitet’'
608 3560 685 3614 Read
704 3561 758 3614 also
778 3562 824 3616 the
845 3563 993 3617 remainder
1012 3564 1044 3616 os
1062 3565 1110 3621 the

217 3656 231 3692 c
266 3647 332 3710 pter.
