2450 4096
393 327 470 370 orvs
494 327 536 370 os
560 324 727 370 inrcrrrn.
967 308 1011 372 97

104 518 180 562 rum
196 497 372 581 majorum,
388 484 445 579 qni
462 498 600 560 mortuis
616 504 687 560 tarn
703 496 856 580 religiosa
867 498 943 582 jura
958 501 1000 567 tri

105 604 268 681 buerunt;
290 603 381 684 qnod
399 625 463 664 non
482 603 638 667 fecissent
650 603 808 686 profecto,
825 603 853 664 si
869 603 950 666 nihil
966 605 1010 668 ad

105 728 165 768 eos
183 709 342 790 pertinere
355 707 606 770 arbitrarentur:
630 706 681 768 vel
694 727 817 784 eorum,
829 707 934 788 quiin
947 709 1009 772 hac

104 817 191 874 terra
221 811 366 889 fuerunt,
399 810 629 895 Magnamque
662 811 1010 893 Graecinus-quae

105 936 197 978 nnnc
212 915 349 997 quidem
362 914 471 977 deleta
481 922 540 994 est,
551 921 631 978 tunc
644 913 991 993 florebat-instituti

105 1025 141 1082 et
156 1021 341 1103 praeceptis
358 1021 427 1083 suis
444 1020 651 1082 erudierunt:
674 1019 726 1082 vel
742 1019 822 1103 ejus,
834 1021 893 1102 qui
909 1020 1009 1105 Apol·

104 1123 183 1186 linis
206 1125 342 1187 oraculo
372 1126 640 1208 sapientissimus
662 1132 715 1188 est
739 1125 921 1209 judicatus,
950 1129 1008 1210 qni

104 1250 174 1291 non
189 1234 264 1291 turn
282 1230 345 1291 hoc
360 1234 433 1291 turn
450 1229 541 1308 illud,
557 1234 596 1292 ut
611 1231 645 1290 in
662 1228 834 1312 plerisque,
847 1231 1006 1295 sedidem

104 1354 247 1416 semper,
271 1335 403 1395 animos
426 1334 601 1400 hominum
625 1354 697 1395 esse
720 1333 861 1412 divinos,
890 1336 1008 1416 iisqne,

104 1459 212 1518 quum
228 1459 247 1498 e
263 1458 397 1521 corpore
417 1438 644 1515 excessissent,
668 1437 811 1499 reditum
827 1438 861 1499 in
877 1438 1008 1502 caelum

103 1548 228 1625 patere,
252 1543 447 1625 optimoque
471 1548 505 1603 et
523 1542 710 1625 justissimo
733 1542 854 1622 cuique
877 1542 1008 1624 expedi-

102 1647 285 1708 tissimum.
334 1645 437 1722 Quod
460 1646 540 1708 item
567 1646 718 1729 Scipioni
741 1645 923 1724 videbatur,
950 1646 1009 1728 qui

103 1749 254 1832 quidem,
277 1751 375 1830 quasi
397 1750 608 1834 praesagiret,
632 1751 806 1834 perpaucis
829 1761 907 1812 ante
924 1771 1007 1813 mor·

102 1860 174 1916 tem
198 1854 328 1931 diebus,
350 1875 455 1936 quum
479 1861 513 1916 et
536 1854 651 1917 Philus
674 1861 708 1916 et
733 1854 892 1917 Manilius
915 1855 1008 1918 ades·

103 1965 190 2036 sent,
205 1965 240 2020 et
261 1958 317 2020 alii
341 1958 459 2041 plnreS,
480 1965 585 2040 tuque
608 1959 720 2036 etiam,
747 1958 918 2036 Scaevola,
942 1980 1007 2022 rne-

103 2085 185 2126 cum
208 2065 364 2140 venisses,
388 2063 535 2125 triduum
559 2063 714 2125 disseruit
736 2062 777 2125 de
801 2085 833 2126 re
856 2065 1007 2148 publica:

103 2168 202 2250 eujus
225 2167 464 2250 disputationis
494 2167 559 2229 snit
580 2173 765 2230 extrernurn
795 2169 861 2232 fere
884 2169 925 2231 de
947 2169 1008 2231 irn-

102 2273 310 2336 mortalitate
340 2274 539 2351 animorum,
570 2295 656 2355 qnae
687 2295 721 2335 se
752 2275 786 2335 in
817 2275 929 2355 quiete
952 2295 1009 2357 per

102 2380 216 2441 visum
240 2399 281 2440 ex
308 2378 465 2440 Africano
489 2377 624 2440 audisse
647 2378 790 2441 dicebat.
847 2377 885 2438 Id
909 2377 937 2438 si
959 2378 1008 2439 ita

103 2489 167 2562 est,
183 2489 222 2546 ut
237 2483 358 2566 optimi
371 2483 534 2567 cujusque
558 2483 691 2545 animus
714 2483 748 2543 in
772 2486 877 2542 morte
892 2479 1007 2542 facilli·

103 2609 161 2650 me
177 2587 296 2664 evolet,
311 2592 485 2669 tamqnam
503 2608 521 2649 e
537 2585 692 2649 custodia
704 2583 885 2665 vinclisque
898 2605 1009 2667 eorpo-

102 2693 168 2770 ris;
193 2692 249 2753 cui
273 2712 447 2754 censemus
477 2712 611 2753 cursum
643 2688 686 2752 ad
716 2689 796 2750 deos
827 2687 1007 2752 faciliorem

103 2796 219 2873 fuisse,
235 2815 338 2876 quarn
357 2793 531 2878 Scipioni?
580 2794 757 2874 Quocirca,
780 2815 922 2857 maerere
947 2795 1009 2858 hoc

103 2899 179 2982 ejus
195 2906 327 2977 eventu,
343 2920 463 2977 vereor,
478 2920 520 2961 ne
536 2899 640 2960 invidi
657 2901 765 2983 magis
781 2921 882 2980 quarn
908 2900 1009 2962 amici

104 3005 160 3066 sit.
208 3001 267 3067 Sin
285 3008 398 3065 autern
416 3002 472 3064 illa
487 3003 622 3081 veriora,
639 3009 677 3066 ut
692 3003 781 3064 idern
796 3004 949 3065 interitus
967 3005 1009 3066 sit

105 3109 295 3170 animorum
313 3115 346 3169 et
361 3128 545 3191 corporum,
567 3128 628 3173 nec
643 3106 730 3168 ullus
753 3126 871 3167 sensus
895 3126 1007 3166 mane·

105 3217 161 3291 at;
183 3219 222 3274 nt
244 3210 325 3273 nihil
347 3213 426 3273 boni
450 3218 502 3274 est
530 3212 565 3274 in
595 3218 710 3288 morte,
741 3210 789 3272 sic
811 3215 897 3271 certe
927 3208 1008 3270 nihil

105 3314 199 3379 mali.
249 3315 358 3378 Sensu
373 3317 464 3377 enirn
481 3317 615 3392 amisso,
631 3313 669 3376 fit
684 3314 785 3393 idem,
799 3314 896 3395 quasi
908 3319 1007 3374 natus

107 3440 177 3482 non
192 3425 280 3482 esset
303 3421 459 3499 omnino;
482 3441 582 3501 quom
606 3425 719 3480 tamen
743 3439 815 3479 esse
839 3423 956 3478 natum
975 3421 1008 3477 et
