2430 4100
165 315 228 382 160
388 332 561 378 masconta
584 329 837 375 nmeunanxone.

197 485 297 540 anm
309 483 452 536 cimilituclo.
492 479 552 534 scil.
567 497 624 532 cam
636 479 676 542 ta,
687 479 731 550 qai
738 485 880 547 procreent.

199 571 337 626 XXXIII.
383 574 423 622 80.
453 569 535 629 Quam
555 569 665 620 dicotur.
713 565 852 636 Subjnno.,
872 564 973 635 though
993 561 1056 620 wita

165 678 241 730 quom
256 659 397 728 temporale,
414 657 526 708 because
542 654 689 708 connected
703 671 731 706 as
742 671 777 706 an
790 651 910 714 essential
921 659 983 722 part
993 651 1060 705 with

165 748 210 801 the
221 748 374 816 dependent
386 744 514 796 infinitive
526 742 613 796 clauee
624 744 656 794 tle
668 751 747 794 mente
760 741 820 794 dici.

201 835 312 888 &motos
324 851 341 886 a
353 842 432 884 meme
443 840 467 885 et
478 831 601 884 dmelunm
613 838 696 898 picot.
732 828 834 881 “Plato
846 827 916 882 enIm
927 826 1061 880 rationem

165 921 239 992 ponit
259 920 286 973 in
307 919 402 990 capite,
422 919 488 972 iram
507 917 535 970 in
553 925 669 988 pectore,
688 915 858 986 cupiditatem
876 915 967 968 subter
981 932 1062 985 pree-

166 1007 280 1060 cordia!

201 1095 338 1146 Hominum
349 1102 441 1146 auton.
478 1090 590 1161 “Saepe
602 1099 686 1144 autem
702 1089 770 1142 idom
787 1090 844 1144 fere
861 1090 970 1142 denotet
986 1091 1063 1160 quod

166 1181 232 1244 item
245 1180 328 1244 etiam,
335 1189 478 1248 praetereo,
490 1177 527 1231 ita
539 1187 635 1242 tamen,
648 1187 678 1230 ut
689 1178 802 1248 aliquam
814 1177 1003 1247 oppositionem
1019 1178 1063 1230 in·

167 1268 263 1320 volvat.
276 1304 283 1318 .
297 1305 304 1319 .
318 1307 326 1322 .
342 1266 421 1320 .Pan'
433 1267 509 1320 modo
521 1274 549 1318 et
561 1266 643 1318 multo
654 1265 757 1335 saepius
768 1266 838 1335 apud
853 1265 967 1318 Graecos
979 1267 1008 1319 δέ
1020 1264 1064 1316 in-

167 1355 249 1408 servit
265 1354 458 1407 continuandae
470 1353 603 1406 orationi.”
638 1352 824 1406 Ktihncr.-“
838 1352 917 1416 Quod
930 1370 977 1406 noe
992 1352 1063 1406 Gen-

167 1442 236 1495 mani
254 1441 368 1512 cogitare
387 1441 498 1494 solemne
510 1441 537 1492 in
550 1439 637 1493 verbis
648 1450 671 1494 et
687 1457 718 1492 ec
733 1441 813 1492 altera
826 1449 902 1508 porte
915 1450 1063 1509 praeterea,

167 1530 280 1582 velitem
291 1547 321 1582 ea
333 1530 413 1582 altero
426 1537 510 1598 porte,
528 1527 615 1580 Latini
627 1526 782 1596 simpliciore
794 1525 896 1580 ratione
908 1526 1065 1598 exptimunt

167 1633 217 1687 per
228 1618 339 1670 autem?
374 1615 475 1668 Hand’s
491 1615 656 1677 Torcellinae,
669 1614 692 1667 1.
706 1631 733 1684 p.
748 1619 808 1666 562.

203 1703 346 1754 Arictoteke
357 1702 402 1754 ait.
440 1701 562 1754 Problem
579 1700 674 1753 XXX.
691 1700 798 1764 Qnaeet
810 1700 832 1753 Ι.
869 1699 908 1754 Cf.
923 1701 1015 1754 Seneo.
1028 1703 1064 1754 de

172 1790 266 1859 Itone.
282 1789 366 1841 XV.:
388 1789 515 1841 Aristoteli
531 1790 629 1840 nullom
645 1807 766 1858 amonem
782 1789 911 1858 tapetium
928 1790 981 1842 eine
998 1791 1065 1842 meic-

168 1885 226 1930 tara
237 1877 374 1930 dementiae
379 1877 445 1946 suit.
481 1876 623 1929 Phavorin.
635 1877 707 1946 apud
719 1876 754 1928 A.
771 1875 838 1929 Gell.
853 1877 888 1929 N.
901 1877 936 1929 A.
952 1877 1063 1929 XVIII.

169 1963 231 2017 vii:
250 1963 349 2018 Scitote
357 2002 363 2015 .
371 2001 378 2015 .
386 2002 393 2014 .
401 2002 408 2014 .
416 1963 599 2034 intemperiem
611 1963 694 2028 iatam,
706 1981 774 2033 quae
783 1966 945 2036 μελαγχολία
956 1964 1063 2030 dIcitur,

168 2070 221 2105 non
233 2052 321 2122 parvis
333 2069 383 2130 nec
395 2052 503 2122 abjectis
514 2051 624 2123 ingeniis
632 2051 762 2118 accidere,
772 2053 841 2107 ἀλλὰ
853 2051 916 2108 εἶναι
928 2056 1024 2125 σχεδόν
1035 2075 1063 2109 τι

168 2142 198 2195 τὸ
209 2140 290 2195 πάθος
300 2143 377 2193 τοῦτο
388 2139 503 2210 ἡρωῖκόν.

203 2228 347 2280 Artocen
359 2228 459 2298 quidem
471 2228 525 2280 ait:
543 2227 598 2280 For
609 2227 730 2296 example,
742 2229 938 2296 Aristomenes,
951 2237 1002 2282 eto.

208 2316 279 2369 Ut..
296 2316 436 2384 ..seram
455 2315 488 2367 So
505 2315 557 2367 etat
571 2315 783 2368 Idonottolceit
797 2316 884 2368 metat
896 2316 1064 2370 Iomrotlter

167 2405 261 2474 etapid.
297 2403 419 2457 Ironical.
458 2402 549 2456 Olivet
561 2402 696 2454 translates
708 2403 753 2455 the
765 2419 880 2473 passage,
897 2403 965 2456 C'cst
976 2421 1004 2457 ce
1016 2405 1063 2476 qui

168 2509 206 2544 me
218 2492 316 2544 console
327 2493 358 2543 de
370 2493 396 2544 lo
407 2490 547 2542 mediomitl
559 2491 590 2542 dc
601 2507 660 2542 moa
671 2489 757 2559 genie.

207 2577 278 2638 ane
289 2578 473 2630 similimum
483 2578 597 2646 saciant.
632 2577 722 2630 Moser
737 2595 795 2646 says
806 2577 864 2630 that
876 2577 926 2630 thie
938 2578 1061 2648 subjunc-

168 2662 222 2716 tive
240 2682 300 2732 may
317 2664 351 2716 be
369 2665 509 2733 explained
527 2664 563 2732 by
575 2663 740 2734 considering
751 2682 819 2734 quoe
831 2681 859 2717 as
871 2665 1021 2734 equivalent
1031 2673 1060 2719 to

167 2752 290 2819 ejuenooi
302 2760 336 2814 ot,
354 2767 385 2801 or
396 2751 431 2817 by
442 2751 534 2820 taking
545 2751 590 2802 the
607 2751 690 2804 whole
707 2760 831 2804 sentence
848 2769 876 2804 as
894 2751 992 2822 having
1008 2753 1060 2806 this

167 2837 247 2901 force,
264 2853 295 2889 eo
305 2845 364 2888 caol
380 2846 463 2888 antem
480 2837 516 2888 ita
533 2846 688 2905 conparata,
706 2847 735 2890 ot
750 2839 934 2905 simlitcdioem
944 2840 1059 2908 saccant,

167 2940 199 2976 or
215 2940 246 2976 eo
261 2931 321 2975 eant
338 2931 421 2976 aalma
435 2925 484 2976 too
495 2924 599 2989 notare,
611 2932 638 2976 at
646 2925 798 2995 -sociaot
837 2925 920 2979 Orelli
931 2927 1007 2979 read
1011 2927 1060 2997 fo·

167 3010 246 3064 ciunt.

202 3101 246 3151 ⁸1.
271 3097 370 3151 Vellem.
408 3097 440 3150 Z.
459 3101 545 3166 §52⁸2
557 3116 585 3151 n.
600 3104 626 3152 2.
664 3099 698 3152 A„
711 3100 734 3152 δι
747 3099 776 3152 S.
795 3101 882 3168 5260,
895 3099 970 3154 Rem,
986 3104 1013 3155 8.

202 3185 300 3238 Posset.
338 3185 367 3238 z.
385 3187 472 3253 5624.
509 3186 543 3239 Β.
562 3188 650 3254 §eon

168 3318 172 3326 .
207 3273 273 3328 Vno
290 3290 348 3326 com
365 3274 502 3343 Asticooo.
539 3273 671 3326 Panaetiua
684 3291 735 3326 nee
751 3289 786 3326 an
802 3273 921 3326 intimate
932 3273 1019 3327 fn'end
1030 3275 1063 3330 of

170 3358 257 3431 Scipio
275 3361 415 3414 Africanus
432 3361 477 3414 the
488 3377 616 3434 younger,
633 3361 687 3414 and
704 3361 735 3414 of
748 3361 855 3414 Laeline.
901 3361 953 3414 See
968 3379 1058 3432 capro,

168 3455 230 3500 note
242 3465 276 3499 on
288 3447 361 3498 xviii.
373 3453 414 3499 42.

204 3533 326 3598 Afiiconi
335 3533 432 3602 fratris
450 3551 534 3604 nepos.
579 3535 613 3599 Q.
631 3535 729 3590 Fabiae
745 3535 878 3592 Maximae
907 3554 954 3592 eon
974 3537 1006 3593 of
1023 3535 1058 3605 Q
