2420 4102
336 361 439 404 uana
461 362 482 403 1.
526 362 597 404 cin.
621 361 682 404 vn.
704 361 778 404 vm.
979 341 1003 404 a

109 547 196 604 mus,
210 547 316 608 quum
329 527 536 592 moriendum
549 528 600 604 ait,
612 547 723 592 nonne
734 526 844 590 miseri
859 525 999 590 sumus?

112 629 213 706 Quae
228 631 318 692 enim
333 635 443 712 potest
458 631 491 692 in
507 631 576 692 vita
591 651 663 692 esse
674 629 879 712 jucundItas,
893 649 999 709 quum

109 732 180 794 dies
196 738 230 794 et
244 740 357 796 noctes
379 733 598 817 cogitandum
618 733 670 811 sit,
685 732 756 815 jam
768 731 906 815 jamque
928 751 1001 794 esse

109 835 342 899 moriendum?

156 937 253 1000 VIII.
297 938 348 1000 15.
372 938 420 1001 M.
444 938 553 1020 Ecqui
564 959 641 1022 ergo
656 937 822 1021 intelligis,
835 943 1000 1020 quantum

109 1041 191 1106 mali
205 1042 246 1107 de
260 1043 408 1106 humana
418 1043 607 1106 conditione
618 1042 795 1126 dejecerifli
841 1041 880 1105 A.
907 1041 1000 1118 Quo·

109 1166 188 1206 nam
212 1144 336 1207 modo?
381 1145 429 1208 M.
456 1145 557 1223 Quia,
579 1146 607 1208 si
630 1147 713 1208 mori
735 1147 837 1210 etiam
860 1145 999 1208 mortun.

109 1248 268 1312 miserum
290 1253 385 1324 esset,
407 1247 576 1310 infinitum
598 1248 768 1329 quoddam
786 1254 820 1310 et
834 1249 1004 1331 sempiter-

109 1371 192 1412 num
222 1350 349 1414 malum
373 1351 567 1414 haberemus
590 1351 726 1439 invita.
771 1351 873 1414 Nune
902 1350 999 1412 video

109 1453 253 1532 eaicem;
276 1453 442 1534 adquam
465 1473 571 1534 quum
594 1454 638 1515 sit
659 1453 845 1531 decursum,
861 1453 942 1516 nihil
957 1453 1003 1514 sit

109 1562 277 1639 praeterea
292 1554 584 1618 extimescendum.
631 1554 699 1618 sed
717 1560 755 1618 tu
778 1554 860 1616 mihi
882 1553 1001 1634 videris

110 1660 314 1742 Epicharmi,
335 1661 426 1722 acuti
439 1680 501 1724 nee
517 1659 635 1722 insulsi
650 1657 803 1736 hominis,
823 1663 862 1721 ut
886 1656 1001 1734 Siculi,

109 1764 306 1828 sententiam
331 1764 433 1846 sequi
479 1762 519 1826 A.
549 1761 688 1839 Quam?
711 1782 778 1825 non
801 1761 889 1824 enirn
912 1761 999 1824 novi.

110 1865 160 1930 Μ.
194 1865 323 1944 Dicam,
352 1866 382 1928 si
408 1871 533 1948 poiero¹
563 1865 704 1944 Latine;
733 1865 797 1928 seis
827 1865 916 1926 enirn
947 1885 1001 1926 me

113 1971 239 2034 Graece
254 1969 346 2051 loqui
359 1971 393 2030 in
412 1969 534 2032 Latino
551 1989 699 2032 sermone
716 1989 783 2030 non
799 1966 872 2050 plus
888 1967 1000 2044 solere,

109 2095 211 2157 quam
235 2073 269 2135 in
287 2073 416 2135 Graeco
440 2071 571 2136 Latine.
617 2070 657 2134 A.
681 2071 727 2134 Et
748 2077 833 2132 recte
855 2070 1003 2151 quidem.

113 2178 180 2242 Sed
211 2198 296 2259 quae
325 2175 461 2240 tandem
491 2181 541 2238 est
564 2175 755 2259 Epicharmi
776 2175 842 2238 ista
871 2178 1000 2236 senten·

108 2280 179 2344 tia?
225 2280 273 2344 M.

214 2378 306 2436 amori
317 2383 390 2446 nol&
406 2383 452 2435 sed
462 2399 500 2435 me
511 2400 562 2436 esse
573 2383 696 2436 mdrluum
707 2380 769 2434 ηὒιίἱ
780 2380 897 2432 aistano.

111 2487 153 2550 A.
174 2487 251 2550 Jam
272 2509 417 2570 agnosco
436 2488 610 2550 Graecum.
657 2485 725 2548 Sed
747 2485 905 2566 quoniam
928 2485 1003 2546 οοὲ·

110 2591 199 2674 gisti,
213 2597 252 2652 ut
266 2589 487 2668 concederem,
503 2591 560 2670 qui
576 2589 698 2650 mortui
719 2593 838 2664 essent,
860 2607 917 2648 eos
940 2585 1001 2646 mi·

111 2715 201 2756 seros
214 2715 281 2755 non
302 2712 391 2773 esse3
413 2691 539 2777 perfice,
562 2693 590 2754 si
612 2698 715 2775 potes,
738 2696 777 2754 ut
799 2711 840 2754 ne
862 2690 1002 2752 morien·

111 2797 193 2858 dum
208 2795 343 2878 quidem
359 2818 430 2858 esse
447 2797 601 2858 miserum
617 2800 741 2878 putem.
870 2857 873 2860 .

155 2899 206 2964 16.
229 2899 277 2964 Μ
298 2899 376 2962 Iam
398 2898 489 2962 istud
517 2898 652 2979 quidem
676 2896 756 2960 nihil
778 2896 902 2980 negotii
933 2901 983 2959 est

112 3002 171 3068 sed
194 3004 297 3066 etiam
320 3003 447 3086 majora
469 3002 595 3066 molior.
639 3001 679 3065 A.
712 3001 792 3077 Quo
815 3001 918 3064 modo
938 3001 1000 3063 hoe

113 3105 193 3169 nihil
222 3107 347 3189 negotii
370 3105 442 3168 est?
474 3111 533 3168 aut
554 3127 640 3187 qnae
670 3111 750 3167 sunt
777 3103 912 3166 tandem
936 3103 1001 3164 ista

113 3208 260 3292 majora?
305 3208 353 3273 Μ.
379 3208 481 3286 Quia,
496 3209 654 3290 quoniam
677 3212 905 3290 postmortem
920 3205 1001 3268 nihil

112 3328 163 3376 est
177 3313 270 3391 mali,
282 3334 323 3375 ne
339 3333 426 3376 mors
442 3312 577 3396 quidem
594 3318 644 3374 est
658 3311 795 3388 malum,
818 3310 873 3372 eui
895 3309 1000 3391 proxi-

112 3436 205 3479 mum
221 3423 354 3500 ternpus
370 3423 421 3480 est
435 3424 511 3503 post
525 3423 674 3492 mortem,
689 3417 724 3477 in
739 3435 805 3496 quo
826 3413 905 3476 mali
920 3411 1005 3474 nihil

113 3540 184 3584 esse
209 3521 381 3602 concedis3
406 3523 455 3585 ita
477 3542 518 3584 ne
541 3519 749 3584 moriendum
771 3517 906 3600 quidem
922 3537 1002 3599 ¹esse
