2450 4096
237 327 281 394 42
402 345 667 391 rnsounaunnms
688 345 962 391 uururnnronun

240 515 289 582 M.
317 515 409 578 Bene
430 513 654 598 reprehendis:
677 519 711 577 et
732 531 767 577 se
788 515 853 576 isto
876 513 976 577 modo
999 535 1050 578 res
1074 516 1134 580 ha·

238 621 303 681 bet.

281 721 332 783 79.
359 720 540 783 Credamus
562 718 663 803 igitur
686 719 857 797 Panaetio,
872 739 894 781 a
909 719 1049 782 Platone
1066 742 1133 784 suo

239 821 470 886 dissentienti?
518 821 631 898 Quem
654 823 743 883 enim
766 823 920 884 omnibus
942 822 1024 884 locis
1046 823 1133 886 divi·

238 943 329 999 num,
341 942 441 1002 quern
454 921 746 1004 sapientissimum,
758 941 856 1001 quern
870 922 1132 998 sanctissimum,
1205 903 1215 926 l

239 1043 339 1104 quern
356 1023 538 1086 Homerum
560 1023 830 1105 pbilosophorum
853 1022 1006 1106 appellat
1029 1023 1132 1105 hujus

239 1126 325 1188 hanc
339 1145 443 1186 unam
458 1126 657 1187 sententiam
673 1126 714 1187 de
736 1125 985 1188 immortalitate
1002 1127 1131 1186 animo·

238 1247 311 1290 rum
328 1248 393 1289 non
409 1229 534 1311 probat
581 1227 666 1290 Vult
680 1228 778 1305 enim,
793 1227 884 1309 quud
902 1248 1001 1290 nemo
1016 1233 1131 1310 negat,

238 1330 400 1412 quidquid
423 1337 541 1392 natum
563 1331 616 1408 sit,
638 1331 784 1408 interire3
807 1331 899 1392 nasci
922 1336 1036 1392 autem
1059 1331 1131 1393 ani·

238 1453 321 1512 rnos,
343 1433 432 1515 quod
456 1433 600 1496 declaret
620 1453 734 1494 eorum
757 1433 949 1510 similitudo,
973 1434 1031 1513 qui
1057 1455 1130 1516 pro·

238 1544 393 1615 creentur,
417 1557 502 1619 quae
525 1538 625 1598 etiam
648 1537 684 1597 in
705 1537 856 1618 ingeniis
879 1556 945 1598 non
961 1535 1071 1597 solum
1092 1537 1129 1598 in

238 1643 426 1724 corporibus
443 1646 608 1723 appareat
655 1640 801 1702 Alteram
817 1645 929 1701 antem
945 1638 1038 1701 affert
1052 1641 1129 1701 rati-

237 1761 354 1804 onem:
376 1742 457 1802 nihil
472 1762 553 1818 esse,
576 1741 667 1821 quod
688 1741 808 1818 doleat
830 1743 911 1822 quin
933 1741 969 1804 id
991 1763 1128 1824 aegrum

237 1859 309 1907 esse
339 1863 471 1925 quoque
501 1843 622 1926 possit;
651 1844 741 1924 quod
767 1849 881 1906 autem
909 1844 943 1906 in
973 1846 1128 1906 morbum

237 1949 348 2028 cadat,
369 1946 405 2008 id
426 1948 528 2009 etiarn
550 1947 775 2026 interiturum
798 1946 907 2010 dolere
928 1953 1043 2009 autem
1058 1948 1127 2010 aui·

178 2109 182 2118 ,
237 2067 329 2126 mos3
350 2069 427 2130 ergo
442 2050 544 2111 etiam
559 2050 697 2111 interire.

280 2150 444 2213 XXXIII.
503 2150 553 2214 80.
592 2151 687 2213 Haec
712 2151 815 2214 refelli
844 2157 992 2234 possunt
1039 2151 1128 2216 Sunt

237 2255 326 2315 en'im
341 2255 532 2337 ignorantis,
547 2273 652 2335 quum
667 2253 710 2316 de
724 2255 917 2317 aeternitate
939 2256 1127 2318 animorum

237 2357 373 2436 dicatur,
390 2357 430 2418 de
446 2363 557 2419 mente
572 2357 649 2434 dici,
662 2378 748 2438 quae
763 2358 856 2419 omni
876 2357 1008 2419 turbido
1031 2365 1127 2422 motu

237 2481 365 2545 semper
385 2467 489 2540 vacet,
519 2483 586 2526 non
616 2461 657 2524 de
678 2463 825 2544 partibus
856 2463 906 2539 iis,
937 2463 973 2524 in
1003 2465 1126 2543 quibus

237 2565 466 2648 aegritudines,
496 2566 575 2642 irae,¹
601 2563 818 2643 libidinesque
843 2569 1019 2641 versentur,
1042 2586 1125 2646 quas

235 2668 273 2743 is,
289 2673 516 2746 contraquam
539 2667 620 2727 haec
642 2666 804 2743 dicuntur,
820 2672 963 2728 semotas
979 2687 999 2727 a
1015 2673 1124 2728 mente

237 2773 271 2826 et
285 2767 445 2828 disclusas
461 2773 567 2848 putat.
609 2766 686 2828 Jam
702 2769 884 2830 similitudo
900 2770 1008 2850 magis
1024 2791 1124 2852 appa·

235 2873 284 2928 ret
298 2869 333 2929 in
348 2869 470 2944 bestiis,
486 2887 624 2948 quarum
641 2870 744 2932 animi
759 2877 837 2932 sunt
857 2872 993 2932 rationis
1016 2892 1125 2954 exper-

236 2975 304 3047 tes;
335 2971 506 3032 hominum
530 2979 643 3033 autern
669 2973 851 3036 similitudo
884 2975 918 3035 iu
951 2995 1123 3057 corporum

236 3069 342 3153 figura
359 3073 464 3154 magis
488 3079 604 3151 exstat,
627 3075 746 3156 stipsi
768 3077 1008 3182 animiaemagni
1030 3078 1150 3176 refert>

235 3174 324 3256 quali
341 3176 375 3235 in
392 3196 525 3258 corpore
538 3177 638 3240 locati
653 3178 727 3239 sint.
774 3177 883 3240 Multa
905 3180 994 3240 enirn
1017 3200 1035 3240 e
1058 3201 1123 3241 cor·

234 3297 312 3360 pore
342 3277 512 3355 exsistunt,
542 3301 627 3360 quae
664 3287 786 3343 acuant
822 3287 978 3359 mentem,
1008 3282 1123 3358 multa,

234 3399 320 3462 quae
337 3380 531 3443 obtundant.
578 3383 769 3446 Aristoteles
785 3385 920 3465 quidem
936 3385 995 3465 ait,
1007 3406 1123 3448 omnes

234 3483 424 3565 ingeniosos
439 3483 692 3547 melancholicos
708 3505 796 3564 essc3
818 3493 857 3550 ut
871 3507 934 3570 ego
956 3507 1011 3550 me
1026 3488 1123 3552 tardi·
