2450 4096
393 268 547 310 sonuum
570 269 742 310 sermonis.
974 250 1017 314 83

118 459 159 502 ex
173 457 226 501 re:
249 457 311 500 neo
325 437 416 500 enim
431 436 464 498 id
482 443 569 499 esset
584 437 792 520 principium,
804 437 894 519 quod
906 439 1016 524 gigno

116 548 206 606 retur
224 540 376 604 aliunde:
399 540 490 622 quod
510 542 539 603 si
554 561 725 622 nunquam
749 543 859 620 oritur,
877 563 918 604 ne
933 545 1017 606 oooi·

116 646 170 709 dit
192 645 327 727 quidem
350 663 510 726 unquam.
557 645 645 707 Nam
674 646 872 728 principium
895 648 1015 710 exstin-

117 755 213 812 ctum
236 769 297 811 nec
319 749 430 832 ipsum
454 749 497 809 ab
520 748 584 810 alio
614 756 812 827 renascetur,
835 771 896 812 neo
917 771 958 812 ex
981 772 1016 813 se

118 851 214 915 aliud
237 853 378 914 creabit:
401 850 565 932 siquidem
582 872 716 914 necesse
739 858 790 914 est
812 873 833 914 a
855 855 1015 938 principio

118 955 197 1017 oriri
212 955 335 1016 omnia.
381 953 434 1015 Ita
448 952 495 1030 fit,
511 959 550 1014 ut
565 960 677 1016 motus
698 956 897 1038 principium
920 977 960 1019 ex
976 979 1016 1019 eo

118 1060 174 1137 sit,
198 1058 289 1140 quod
311 1059 422 1141 ipsum
445 1078 466 1119 a
489 1079 523 1118 se
549 1064 712 1120 movetur:
745 1059 780 1121 id
810 1067 924 1123 autem
956 1083 1016 1124 nec

116 1162 215 1224 nasci
229 1166 348 1244 potest,
364 1180 426 1223 nec
450 1161 550 1222 mori:
573 1162 625 1223 vel
647 1163 802 1225 concidat
819 1185 918 1227 omne
942 1185 1015 1228 cae·

115 1265 202 1341 lum,
218 1264 392 1345 omnisque
408 1269 526 1325 natura
541 1266 703 1326 consistat
718 1286 851 1328 neeesse
873 1273 933 1346 est,
956 1289 1017 1330 neo

116 1369 191 1430 vim
220 1368 323 1430 ullam
353 1368 572 1446 nanciscatur,
588 1390 674 1450 qnae
697 1391 718 1432 a
741 1371 846 1453 primo
868 1371 1017 1455 impulsu

117 1478 304 1534 moveatur.

168 1574 225 1636 IX.
249 1581 266 1614 “
280 1573 398 1650 Quum
422 1579 535 1657 pateat
556 1575 666 1658 igitur,
692 1581 863 1638 aeternum
886 1576 922 1639 id
944 1598 1016 1639 esse

118 1675 214 1762 quod
229 1699 249 1740 a
265 1699 299 1740 se
315 1679 387 1761 ipso
404 1684 584 1754 moveatur,
600 1680 675 1759 quis
690 1684 752 1760 est,
774 1681 832 1761 qui
855 1680 941 1743 hanc
963 1701 1018 1743 na·

116 1789 232 1845 turam
249 1782 369 1843 animis
385 1803 455 1843 esse
477 1783 631 1843 tributam
658 1781 779 1866 neget?
825 1784 1016 1847 Inanimum

118 1891 176 1949 est
198 1887 285 1947 enim
310 1906 418 1963 omne,
441 1884 531 1966 quod
561 1885 660 1968 pulsu
690 1887 835 1970 agitatur
865 1894 1016 1950 externo:

119 1989 214 2073 quod
229 1995 342 2051 autem
359 1987 482 2050 animal
498 1993 557 2065 est,
573 1988 606 2049 id
624 1995 719 2050 motu
741 1990 844 2053 cietur
865 1991 1017 2052 interiore

119 2099 160 2155 et
175 2113 246 2155 su0.
293 2092 382 2156 Nam
407 2093 487 2154 haec
511 2098 561 2153 est
577 2099 694 2154 natura
710 2095 837 2176 propria
853 2096 956 2158 animi
972 2101 1019 2156 at-

119 2199 265 2282 quevis.
315 2197 414 2273 Quae
445 2199 473 2260 si
502 2203 553 2260 est
582 2219 650 2260 una
679 2219 719 2259 ex
743 2201 907 2276 omnibus,
930 2221 1017 2280 quae

120 2323 197 2366 sese
211 2307 355 2379 moveat,
370 2322 477 2383 neque
493 2307 573 2362 nata
589 2307 639 2363 est
654 2308 749 2380 certe,
765 2308 798 2363 et
814 2308 947 2363 aeterna
958 2308 1016 2365 est.

121 2405 226 2470 Hanc
247 2411 285 2467 tu
308 2426 420 2466 exerce
442 2406 477 2466 in
500 2405 635 2487 optimis
657 2406 772 2482 rebus3
803 2410 881 2466 sunt
903 2410 1017 2466 autem

120 2509 281 2592 optimae,
297 2528 394 2570 curae
417 2507 458 2568 de
481 2507 587 2568 salute
610 2507 754 2590 patriae:
776 2507 897 2588 quibus
913 2507 1017 2590 agita·

121 2618 180 2675 tus
196 2617 229 2674 et
244 2612 441 2673 exercitatus
454 2611 585 2672 animus
598 2609 744 2674 velocius
759 2611 793 2672 in
809 2610 894 2672 hanc
905 2610 1017 2672 sedem

120 2721 160 2778 et
173 2714 312 2777 domum
328 2735 425 2776 suam
440 2712 630 2796 pervolabit.
676 2713 780 2796 quue
796 2714 889 2777 ocius
909 2715 1018 2792 faciet,

120 2820 153 2882 si
165 2818 236 2901 jam
251 2823 335 2896 tum,
350 2838 454 2899 quum
470 2817 532 2878 erit
546 2815 694 2880 inclusus
716 2819 750 2881 in
773 2839 915 2902 corpore,
938 2819 1017 2881 emi·

120 2925 217 2989 nebit
231 2924 328 3001 foras,
344 2929 377 2985 et
392 2944 432 2985 ea
447 2943 533 3005 qnae
548 2929 639 2984 extra
661 2915 757 2985 'erunt
780 2923 1018 3006 contemptam,

120 3048 227 3110 quam
258 3027 406 3089 maxime
437 3048 471 3089 se
501 3048 522 3089 a
552 3047 684 3109 corpore
707 3027 881 3087 abstrahet
928 3027 1018 3089 Nam

120 3151 239 3193 eorum
255 3131 369 3208 animi,
392 3131 449 3211 qui
465 3151 499 3192 se
515 3129 657 3213 corporis
680 3128 907 3211 voluptatibus
929 3128 1019 3190 dedi·

120 3234 255 3314 derunt,
285 3254 465 3315 earumque
495 3255 529 3296 se
559 3234 657 3315 quasi
686 3230 854 3294 ministros
883 3233 1021 3317 praebu-

120 3343 230 3417 erunt,
245 3337 458 3422 impuisuque
473 3337 651 3400 libidinum
668 3335 894 3420 voluptatibus
911 3335 1021 3400 obedi·
