2450 4096
389 329 541 370 sonnrun
566 329 741 371 sermonis.
969 310 1013 372 79

118 496 152 560 in
168 497 257 560 hunc
272 495 399 558 locum:
422 498 507 559 sicut
519 497 586 576 alii,
599 498 653 577 qui
669 497 912 579 praestantibus
921 496 1011 580 inge-

119 603 182 664 niis
213 603 248 662 in
278 602 346 663 vita
376 603 524 663 humana
553 601 667 662 divina
696 601 807 662 studia
830 600 1009 663 coluerunt

120 705 196 768 Hoc
219 706 331 768 sonitu
355 705 507 788 oppletae
531 725 625 767 aures
642 705 813 766 hominum
833 705 1011 766 obsurdue-

116 817 212 872 runt:
236 830 296 870 nec
319 815 370 870 est
394 809 482 870 ullus
514 810 659 870 hebetior
689 829 804 870 sensus
834 808 869 868 in
899 809 1010 870 vobis:
1056 856 1058 860 r

118 913 215 987 sicut,
231 911 286 973 ubi
303 911 400 973 Nilus
413 911 454 972 ad
470 911 535 988 illa,
547 932 633 992 quae
649 911 825 993 Catadupa
838 912 1010 972 nominan-

56 1091 58 1095 .
117 1022 180 1093 tur,
196 1015 444 1098 praecipitator
460 1015 630 1076 altissimis
652 1016 833 1094 montibus,
856 1036 896 1076 ea
919 1035 1009 1098 gens,

118 1139 205 1201 quac
221 1118 314 1180 illum
330 1119 439 1180 locum
457 1118 583 1195 accolit,
600 1124 729 1200 propter
744 1101 1009 1201 magnitudinem

119 1223 259 1298 sonitus,
280 1242 378 1284 sensu
402 1221 560 1284 audiendi
582 1227 678 1283 caret.
724 1221 789 1284 Hic
804 1243 879 1284 vero
894 1228 1009 1284 tantus

119 1333 169 1388 est
197 1326 303 1387 totius
326 1324 442 1387 mundi
465 1325 698 1386 incitatissima
721 1326 932 1386 conversione
959 1345 1010 1386 so·

110 1422 219 1507 'nitus
232 1435 270 1490 ut
281 1449 462 1491 eumaures
473 1428 645 1490 hominum
662 1449 777 1510 capere
793 1429 1009 1510 nonpossint,

119 1534 205 1596 sicut
227 1533 347 1595 intueri
371 1531 473 1594 solem
499 1533 643 1613 nequitis
656 1527 850 1608 adversum,
873 1531 1009 1613 ejusque

118 1637 218 1698 radiis
235 1637 322 1698 acies
336 1642 444 1698 vestra
460 1655 640 1716 sensusque
657 1634 824 1696 vincitur.’'

163 1740 258 1802 Haec
268 1760 330 1822 ego
342 1740 518 1816 admirans,
529 1739 706 1800 referebam
719 1744 831 1799 tamen
844 1737 956 1810 oculos
966 1736 1008 1799 ad

118 1851 237 1906 terram
254 1842 444 1904 identidem.
490 1841 551 1904 VI.
577 1842 665 1904 Turn
692 1842 875 1918 Africanae,
899 1841 1009 1903 “Sen-

118 1948 195 2024 tio,'’
211 1947 328 2026 inquit,
343 1952 403 2008 “te
419 1945 531 2008 sedern
548 1946 648 2006 etiarn
670 1965 758 2006 nune
773 1945 946 2006 hominurn
971 1965 1010 2004 ac

119 2051 258 2114 domurn
282 2049 512 2132 contemplari:
535 2068 621 2129 quac
644 2049 673 2109 si
688 2048 749 2110 tibi
771 2069 880 2130 parva,
895 2053 935 2110 ut
950 2053 1009 2124 est,

118 2155 166 2216 ita
181 2153 319 2230 videtur,
341 2154 422 2214 haec
445 2151 599 2214 caelestia
622 2173 750 2234 semper
772 2157 931 2235 spectat0‚
954 2150 1010 2214 illa

120 2258 268 2320 humana
284 2256 496 2317 contemnito.
544 2255 598 2318 Tu
614 2256 703 2316 enim
726 2275 827 2336 quarn
843 2256 1009 2317 celebrita-

118 2367 186 2422 tem
210 2359 369 2421 sermonis
392 2359 576 2436 hominurn,
599 2364 658 2420 aut
673 2379 775 2438 quam
791 2357 1009 2439 expetendam

119 2465 258 2548 gloriam
274 2463 433 2543 consequi
448 2461 565 2544 potes?
612 2461 726 2537 Vides,
743 2461 883 2522 habitari
898 2461 931 2522 in
950 2466 1010 2521 ter-

118 2589 152 2630 ra
167 2569 248 2629 raris
263 2573 297 2628 et
313 2567 463 2648 angustis
478 2567 511 2626 in
526 2565 619 2641 locis,
635 2569 669 2626 et
683 2564 717 2624 in
733 2563 813 2645 ipsis
829 2563 925 2643 quasi
940 2583 1009 2623 ma·

119 2673 211 2749 culis
227 2673 284 2733 ubi
296 2672 469 2747 habitatur,
479 2676 591 2732 vastas
603 2668 797 2732 solitudines
809 2668 1008 2751 interjectas:
1087 2669 1090 2678 ¹

120 2776 255 2855 hosque,
271 2775 329 2856 qui
345 2772 494 2834 incolunt
508 2779 638 2852 terram,
663 2793 727 2835 non
752 2772 852 2834 modo
875 2773 1010 2835 interru-

119 2884 194 2962 ptos
209 2880 257 2940 ita
273 2899 353 2955 esse,
368 2883 408 2939 ut
423 2878 502 2940 nihil
518 2878 601 2939 inter
615 2879 705 2960 ipsos
722 2880 762 2939 ab
779 2877 852 2939 aliis
869 2877 908 2938 ad
927 2877 1010 2938 alios

119 3003 253 3044 manare
269 2982 383 3064 possit,
399 2980 455 3042 sad
473 2983 592 3063 partim
608 2981 770 3061 obliquos,
786 2981 905 3062 partim
922 3001 1009 3041 aver-

120 3103 183 3163 sos,
199 3085 319 3168 partim
335 3085 436 3147 etiam
453 3084 606 3146 adversos
619 3090 704 3146 stare
719 3084 833 3144 vobis:
857 3084 1009 3162 aquibus
1070 3147 1074 3156 ,

120 3192 307 3269 exspectare
319 3187 455 3269 gloriam
467 3193 552 3248 certe
562 3186 687 3248 nullam
701 3186 847 3267 potestis.
896 3184 1009 3252 Cernis

120 3297 233 3353 autem
250 3291 390 3351 eandem
405 3296 523 3351 terram
540 3289 633 3370 quasi
659 3288 858 3369 quibusdam
880 3286 1009 3349 redimi·

120 3397 188 3456 tam
218 3398 254 3456 et
283 3393 521 3456 circumdatam
544 3389 702 3474 cingulis;
732 3390 893 3470 equibus
916 3387 1009 3466 duos,

119 3498 263 3559 maxime
279 3497 363 3559 inter
378 3517 412 3558 se
428 3494 582 3572 diversos,
597 3499 631 3555 et
646 3493 727 3556 caeli
739 3493 913 3554 verticibus
928 3491 1009 3576 ipsis
