2420 4102
377 327 477 370 ursan
499 327 520 370 1.
565 325 635 372 oar.
658 328 744 374 xvrr.
957 307 998 376 21

107 493 233 570 omnia,
249 493 457 576 primumque
473 494 513 557 de
526 497 711 558 animorum
725 497 916 558 aeternitate
933 517 998 560 non

107 596 218 658 solum
234 599 374 658 sensisse
390 598 488 676 idem,
504 599 593 679 quod
607 600 839 683 Pythagoram,
851 601 908 661 sed
923 601 998 662 rati·

107 720 208 762 onem
231 701 333 762 etiam
357 701 516 763 attulisse.
571 702 696 780 Quam,
718 703 781 765 nisi
803 703 884 784 quid
906 704 997 781 dicis,

107 805 416 886 praetermittamus,
432 813 465 868 et
480 805 565 868 hanc
586 812 692 868 totam
714 827 808 890 spem
831 807 997 869 immorta-

107 905 210 968 litatis
230 907 462 988 relinquamus.
507 908 547 970 A.
580 909 633 971 An
662 914 710 985 tu,
738 925 842 990 quum
876 929 927 971 me
962 911 992 973 in

107 1029 275 1072 summam
305 1012 584 1093 exspectationem
621 1011 806 1089 adduxeris,
843 1010 994 1074 deseresl

107 1111 223 1174 Errare
245 1113 427 1175 mehercule
449 1113 537 1176 malo
560 1131 637 1176 cum
664 1114 811 1192 Platone,
832 1131 932 1196 quem
955 1121 995 1178 tu

106 1217 224 1296 quanti
246 1216 350 1278 facias
372 1217 440 1278 seio
455 1222 490 1278 et
503 1217 659 1297 quem'ex
680 1221 741 1279 tuo
764 1237 818 1278 ore
841 1217 993 1286 admiror.

104 1339 209 1400 quam
240 1337 316 1380 cum
349 1319 422 1381 istis
453 1337 528 1382 vera
561 1321 688 1382 sentire.
729 1319 784 1384 40.
809 1319 857 1382 Μ.
881 1320 992 1382 Macte

104 1405 243 1500 virtute!
263 1439 327 1504 ego
350 1423 437 1484 enim
459 1423 529 1504 ipse
545 1441 621 1485 cum
641 1421 758 1483 eodem
774 1423 846 1504 ipso
863 1441 929 1484 non
943 1423 992 1484 in·

104 1530 194 1586 vitus
216 1525 395 1586 erraverim.
454 1524 546 1588 Num
575 1525 676 1608 igitur
705 1511 908 1603 dubitamus,
937 1545 992 1602 arr,

104 1634 192 1690 sicut
214 1626 390 1711 pleraque?
421 1647 627 1709 quamquam
657 1627 719 1689 hoc
740 1626 876 1708 quidem
898 1628 993 1689 mini·

103 1750 174 1809 mc3
205 1731 403 1814 persuadent
431 1732 518 1792 enim
550 1731 785 1808 mathematici,
809 1736 923 1792 terram
954 1732 989 1794 in

103 1833 214 1897 medio
226 1834 352 1896 mundo
363 1834 462 1923 sitam
479 1835 520 1896 ad
533 1835 676 1896 universi
687 1834 769 1897 caeli
779 1833 990 1916 complexum

102 1946 200 2026 quasi
222 1947 337 2028 puncti
365 1946 469 2007 instar
490 1947 645 2023 obtinere,
673 1946 763 2027 quod
785 1932 914 2026 κε’ντρον
942 1947 990 2009 illi

101 2054 241 2126 vocant3
256 2067 330 2110 eam
346 2065 439 2131 porro
456 2055 607 2110 naturam
623 2067 694 2110 esse
709 2040 866 2130 quattuor
877 2050 991 2112 omnia

101 2152 310 2234 gignentium
334 2171 515 2235 corporum,
531 2159 578 2229 ut,
600 2153 695 2232 quusi
711 2154 831 2236 partita
847 2154 991 2216 habeant

100 2256 185 2316 inter
201 2275 235 2316 se
258 2271 297 2316 ao
319 2254 425 2316 divisa
447 2262 627 2332 momenta,
649 2257 775 2318 terrena
796 2262 831 2318 et
852 2256 990 2318 humida

100 2363 221 2440 suopte
236 2364 321 2420 nutu
336 2363 370 2420 et
383 2375 445 2419 suo
469 2357 610 2440 pondere
626 2357 668 2420 ad
684 2379 777 2441 pares
800 2359 939 2440 angulos
953 2358 988 2419 in

99 2467 219 2523 terram
235 2463 312 2524 etin
328 2461 855 2542 marcierantur31eliquaeduae
871 2467 989 2544 partes,

99 2585 170 2625 una
184 2565 292 2646 ignea,
307 2564 409 2626 altera
423 2564 586 2642 animalis,
601 2569 640 2625 ut
660 2562 736 2626 illae
758 2564 938 2645 superiores
953 2563 988 2625 in

99 2667 247 2728 medium
257 2667 373 2730 locum
388 2667 505 2729 mundi
520 2667 680 2750 gravitate
702 2667 845 2728 ferantur
860 2671 893 2728 et
908 2683 988 2749 pon·

99 2771 185 2848 dere,
215 2772 262 2833 sio
285 2773 345 2833 hae
367 2789 496 2834 rursum
519 2772 615 2833 rectis
637 2770 732 2834 lineis
754 2771 787 2833 in
812 2771 987 2834 caelestem

99 2873 210 2935 locum
226 2873 409 2951 subvolent,
424 2873 493 2934 sive
515 2873 589 2955 ipsa
612 2879 729 2935 natura
751 2875 918 2955 superiora
932 2895 989 2957 ap·

99 2981 242 3058 petente,
264 2977 331 3038 sive
353 2976 444 3057 quod
464 2997 485 3038 a
500 2977 703 3058 gravioribus
726 2974 847 3038 leviora
869 2983 987 3039 natura

97 3077 303 3160 repellantur.
351 3079 450 3154 Quae
466 3100 569 3160 quum
593 3085 753 3156 constent,
777 3079 986 3162 perspicuum

97 3181 197 3242 debet
218 3201 299 3259 esse,
314 3184 453 3258 animos,
475 3203 580 3263 quum
595 3203 612 3243 e
628 3199 759 3264 corpore
782 3184 987 3260 excesserint,

99 3283 166 3345 sive
181 3283 229 3344 illi
249 3284 316 3346 sint
326 3285 497 3361 animales,
509 3285 543 3346 id
556 3291 606 3346 est
617 3285 796 3367 spirabiles,
806 3286 876 3347 sire
888 3286 987 3367 ignei,
1069 3275 1072 3280 ’

100 3386 239 3448 sublime
267 3386 349 3448 ferri.
404 3387 456 3448 41.
482 3386 520 3448 Si
549 3408 625 3448 vero
648 3393 707 3450 aut
729 3405 886 3448 numerus
915 3387 986 3467 qui·
1019 3383 1021 3388 ’

98 3485 175 3550 dam
198 3488 243 3550 sit
268 3489 412 3564 animus,
439 3486 531 3569 quod
561 3487 723 3550 subtiliter
753 3488 861 3569 magis
883 3502 984 3568 quum
