2450 4096
208 317 252 388 78
477 337 629 384 sonurun
652 337 829 384 scrrronrs.

181 509 282 589 ‚luca
304 509 472 573 collustret
494 516 527 572 et
549 509 732 593 compleat;
762 510 861 589 huno,
883 514 922 571 ut
950 510 1099 593 comites,

207 622 455 697 consequuntur
476 613 615 677 Veneris
639 614 728 692 alter,
751 613 832 676 alter
857 613 1010 676 Mercurii
1033 632 1090 678 cur

208 739 283 798 sus;
306 721 339 782 in
355 717 537 800 infimoque
553 719 629 780 orbe
647 717 755 796 Luna,
769 717 870 780 radiis
893 718 971 780 solis
987 737 1101 781 accen·

209 845 255 902 sa,
270 824 478 906 convertitur.
524 822 612 886 Infra
634 828 748 884 autem
768 822 839 905 jam
863 822 943 884 nihil
961 828 1022 900 est,
1039 823 1102 885 nisi

209 927 347 991 mortale
369 933 403 989 et
424 926 599 1004 caducum,
616 932 742 1008 praeter
764 925 894 987 animos
917 927 1027 1010 generi
1047 926 1102 988 ho·

208 1033 338 1094 ruinum
361 1051 495 1098 munere
518 1029 655 1091 deorum
688 1029 803 1092 datos:
834 1049 934 1112 supra
968 1029 1101 1092 Lunam

209 1139 288 1197 sunt
308 1139 441 1195 aeterna
456 1133 578 1195 omnia.
624 1131 712 1196 Nam
737 1152 785 1211 ea,
808 1155 894 1215 quae
918 1139 968 1195 est
990 1134 1102 1196 media

209 1245 243 1302 et
257 1260 355 1316 nona,
374 1238 496 1317 Tellus,
512 1259 619 1320 neque
638 1246 797 1317 movetur,
813 1246 846 1301 et
861 1236 978 1301 infima
993 1245 1053 1317 est,
1069 1244 1102 1302 et

207 1344 243 1408 in
259 1365 333 1407 eam
350 1343 497 1406 feruntur
512 1344 626 1406 omnia
641 1348 726 1405 nutu
743 1363 804 1405 suo
819 1342 993 1426 pondera.’'

254 1448 298 1514 V.
325 1447 426 1525 Quae
448 1469 565 1534 quum,
583 1449 726 1510 intuerer
751 1452 898 1530 stupens,
920 1452 960 1509 ut
981 1467 1036 1508 me
1057 1467 1101 1508 re·

209 1555 291 1638 cepi,
307 1560 325 1594 “
338 1552 425 1630 Quis
442 1553 522 1630 hio,''
538 1553 686 1633 inquam,
702 1552 804 1633 “quis
814 1556 875 1632 est,
887 1551 945 1633 qui
957 1550 1101 1634 complet

209 1679 304 1720 aures
318 1677 411 1719 rneas
427 1661 541 1718 tantus
557 1661 674 1718 ettam
691 1655 796 1718 dulcis
812 1653 937 1718 sonus?
948 1656 966 1689 ’'
1006 1661 1024 1695 “
1036 1653 1101 1718 Hic

209 1762 287 1838 est,”
307 1759 428 1841 inquit,
444 1765 462 1798 “
472 1757 535 1836 ille,
551 1759 619 1840 qui,
634 1759 812 1822 intervallis
828 1759 1026 1843 conjunctus
1041 1760 1100 1821 im·

209 1866 353 1950 paribus,
373 1864 432 1926 sed
454 1869 577 1942 tamen,
599 1884 658 1947 pro
679 1870 752 1927 rata
781 1871 882 1948 parte,
903 1865 1031 1926 ratione
1053 1863 1100 1926 di-

209 1970 347 2046 stinctis,
362 1967 510 2052 impulsu
525 1973 559 2030 et
573 1973 669 2031 motu
691 1969 837 2051 ipsorum
857 1969 986 2030 orbium
1002 1967 1102 2031 conli-

208 2074 310 2152 oitur;
332 2073 399 2154 qui,
415 2074 515 2136 aou'ta
530 2093 607 2135 cum
620 2073 774 2156 gravibus
785 2077 981 2156 temperans,
993 2073 1101 2135 varios

209 2175 424 2258 aequabiliter
436 2182 616 2238 concentus
630 2175 739 2239 efficit.
786 2176 857 2239 Nec
868 2176 957 2238 enirn
969 2176 1101 2238 silentio

208 2283 295 2345 tanti
317 2288 429 2344 motus
444 2282 574 2344 incitari
596 2287 753 2365 possunt3
776 2287 809 2344 ct
830 2287 949 2344 natura
970 2281 1041 2359 fert,
1064 2286 1102 2345 ut

208 2393 355 2450 extrema
370 2407 409 2449 ex
425 2386 527 2449 altera
543 2392 634 2470 parte
650 2386 801 2469 graviter,
816 2405 857 2448 ex
869 2385 971 2449 altera
986 2382 1102 2448 autem

209 2498 307 2555 acute
329 2497 456 2554 sonent
504 2489 619 2568 Quam
642 2492 685 2552 ob
708 2511 845 2553 causam
872 2510 1024 2553 summus
1047 2489 1101 2552 ille

121 2613 127 2624 ·
152 2639 156 2648 ·
209 2596 292 2661 caeli
307 2595 577 2674 stellifercursus,
591 2595 686 2678 cujus
702 2595 870 2658 conversio
886 2601 937 2658 est
958 2595 1101 2658 concita·

210 2679 280 2778 tior,
296 2705 395 2760 acuto
412 2704 445 2761 et
459 2700 602 2760 excitato
626 2705 776 2761 movetur
799 2720 890 2777 sono,
906 2699 1101 2782 gravissimo

208 2807 323 2864 autem
346 2801 399 2862 hic
421 2800 544 2862 lunaris
567 2805 667 2881 atque
689 2799 835 2865 infimus·
896 2801 985 2864 Nam
1007 2806 1101 2878 terra,

208 2921 308 2983 nona,
323 2904 503 2966 immobilis
515 2921 663 2983 manens,
673 2905 742 2967 ima
755 2906 830 2968 sede
844 2926 972 2989 semper
981 2905 1101 2982 haeret,

209 3008 384 3092 complexa
407 3007 554 3071 medium
577 3009 697 3072 mundi
723 3009 844 3074 locum.
906 3007 958 3071 Illi
987 3013 1100 3070 autem

209 3118 285 3176 octo
315 3133 440 3189 cursus,
462 3113 496 3176 in
519 3114 639 3194 quibus
662 3113 781 3175 eadem
804 3115 854 3176 vis
876 3119 927 3174 est
949 3111 1101 3188 duorum,

211 3218 364 3282 Mercurii
386 3223 420 3278 et
437 3215 585 3298 Veneris,
608 3224 734 3301 septem
758 3216 906 3280 efficiunt
928 3215 1101 3278 distinctos

208 3321 385 3412 intervallis
416 3341 534 3383 sonos:
560 3321 619 3403 qui
642 3341 796 3384 numerus
819 3341 924 3383 rerum
949 3319 1101 3382 omniurn

208 3429 274 3490 fere
304 3425 412 3489 nodus
441 3430 500 3486 est
562 3424 666 3501 Quod
695 3425 786 3488 docti
814 3425 964 3487 homines
994 3421 1101 3484 nervis

208 3530 343 3592 imitati·
362 3534 462 3610 atque
492 3529 656 3607 cantibus,
686 3549 840 3611 aperuere
867 3527 931 3590 sibi
958 3525 1101 3589 reditum
