2450 4096
348 1032 775 1158 sonnium.

155 1477 180 1540 Ι.
207 1475 311 1554 Quum
326 1479 361 1541 in
379 1479 524 1541 Africam
537 1480 701 1541 venissem
716 1477 915 1542 M.'Manilio
927 1500 1003 1542 con·

107 1582 174 1644 suli
190 1581 234 1644 ad
248 1590 400 1664 quartam
417 1582 579 1667 legionem
597 1583 759 1662 tribunus
775 1587 814 1644 ut
828 1583 928 1659 scitis,
944 1583 1002 1644 mi·

107 1685 217 1763 litum,
234 1684 313 1747 nihil
336 1686 416 1746 mihi
438 1687 550 1768 potius
572 1685 645 1763 fuit,
667 1706 769 1766 quam
792 1691 831 1747 ut
849 1684 1003 1747 Masinis-

108 1809 182 1851 sam
206 1789 423 1866 convenirem,
444 1809 555 1873 regem
581 1789 728 1850 familiae
750 1796 881 1851 nostrae
901 1789 1000 1872 justis

108 1893 152 1955 dc
182 1895 292 1956 causis
322 1893 572 1955 amicissimum.
633 1893 687 1955 Ad
716 1914 816 1975 quem
845 1899 884 1955 ut
914 1893 1000 1972 veni,

108 1997 302 2080 complexus
318 2017 370 2058 me
387 2017 486 2058 senex
502 1997 747 2073 collacrimavit,
763 1995 1000 2077 aliquantoque

108 2107 187 2184 post
217 2102 364 2184 suspexit
386 2101 420 2163 in
443 2101 583 2180 caelum,
609 2107 651 2179 et,
673 2105 691 2140 ‘⁴
706 2101 852 2178 Grates,’'
883 2101 1000 2182 inquit,

108 2205 199 2267 “tibi
214 2225 288 2288 ago,
304 2225 433 2266 summe
454 2203 522 2282 Sol,
537 2205 697 2287 vobisque
718 2205 835 2285 reliqui
857 2204 999 2281 caelites

108 2307 213 2389 quod,
239 2314 316 2370 aitte
339 2329 441 2389 quam
463 2329 503 2370 ex
526 2308 588 2370 hac
603 2310 672 2370 vita
695 2309 809 2392 migro,
832 2307 999 2390 conspicio

109 2411 143 2473 in
161 2431 236 2472 meo
250 2431 351 2494 regno
367 2417 401 2472 et
419 2411 469 2473 his
484 2412 579 2473 tectis
604 2411 640 2472 P.
659 2410 848 2472 Cornelium
874 2409 1001 2492 Scipio·

108 2534 199 2593 nem,
221 2513 315 2596 eujus
338 2534 400 2597 ego
424 2515 557 2576 nomine
579 2514 653 2596 ipso
675 2531 817 2591 recreor3
847 2513 896 2574 ito
919 2533 1000 2574 uun·

108 2638 212 2698 quam
228 2638 267 2678 ex
284 2618 395 2679 animo
411 2639 487 2679 meo
502 2617 643 2679 discedit
657 2616 744 2678 illius
765 2617 883 2699 optimi
900 2622 1000 2697 atque

110 2847 171 2888 suo
187 2845 298 2908 regne,
312 2824 366 2887 ille
382 2845 436 2887 mc
451 2825 493 2888 de
509 2831 620 2888 nostra
633 2846 667 2887 re
683 2826 816 2909 publica
832 2832 1001 2909 perconta-

108 2935 163 2991 tus
180 2935 246 3007 est;
273 2927 451 3011 multisque
471 2929 574 2991 verbis
598 2928 683 2992 ultro
709 2931 856 3011 citroque
880 2930 1000 2991 habitis

109 3033 163 3095 ille
178 3033 274 3095 nobis
290 3040 508 3116 consumptus
525 3040 575 3096 est
589 3034 669 3096 dies.

153 3136 234 3199 Post
250 3142 373 3214 autem,
388 3138 477 3220 regio
493 3143 655 3221 apparatu
668 3137 804 3220 accepti,
817 3156 1000 3197 sermonem

109 3241 141 3301 in
171 3239 314 3302 multam
345 3247 477 3302 noctem
509 3241 734 3327 produximus,
765 3260 869 3321 quum
901 3259 1000 3300 senex

109 3345 189 3407 nihil
206 3346 270 3407 nisi
285 3345 326 3407 de
344 3346 500 3408 Africano
516 3346 710 3426 loqueretur,
726 3345 905 3426 omniaque
928 3344 1000 3427 ejus

110 3467 175 3514 non
205 3449 295 3512 facta
321 3449 429 3512 solum
457 3449 515 3512 sed
541 3450 641 3510 etiam
669 3449 759 3510 dicta
785 3448 1001 3509 meminisset.

110 3549 247 3631 Deinde,
263 3559 301 3630 ut
315 3554 467 3626 cubitum
483 3552 706 3631 discessimus,
722 3572 784 3629 me,
800 3557 833 3613 et
848 3550 889 3612 de
900 3549 955 3612 via
967 3553 1001 3612 et
