2450 4096
221 327 264 392 74
490 347 644 390 sonuum
667 346 842 388 scrrronrs.

222 509 279 590 qui
303 507 345 570 ad
369 507 508 570 multam
524 513 656 570 noctem
673 506 872 590 vigilassem,
888 504 994 582 artior,
1010 524 1116 584 quarn

223 611 360 691 solebat,
372 631 510 672 somnus
523 610 713 693 complexus
730 617 788 671 est.
834 608 899 671 Hic
910 608 988 669 mihi
1003 607 1116 692 (credo

223 714 376 797 equidem
399 736 439 775 ex
461 715 531 792 hoc,
554 713 644 795 quod
667 733 797 774 eramus
819 712 939 774 locuti:
961 709 1000 773 fit
1022 712 1115 773 enim

222 819 287 880 fere
309 824 348 879 ut
369 818 587 901 cogitationes
610 835 841 896 sermonesque
864 801 966 876 nostri
982 815 1116 897 pariant

223 920 349 1001 aliquid
363 921 398 981 in
421 940 538 982 somno
559 917 638 997 tale,
661 917 758 998 quale
781 916 821 978 de
838 915 984 978 Homero
1000 917 1116 979 scribit

224 1022 364 1099 Ennius,
380 1021 420 1083 de
433 1043 499 1104 quo
510 1020 662 1082 videlicet
674 1020 866 1104 saepissime
878 1019 1017 1102 vigilans
1030 1020 1114 1082 sole·

221 1126 281 1186 bat
303 1125 447 1208 cogitare
470 1129 503 1185 et
524 1122 629 1207 loqui)
656 1123 831 1186 Africanus
848 1143 882 1184 se
899 1123 1055 1204 ostendit,
1071 1145 1115 1186 ea

221 1228 337 1306 forma,
348 1247 434 1308 quae
446 1227 527 1289 mihi
542 1247 582 1288 cx
597 1227 744 1310 imagine
759 1227 839 1309 ejus,
855 1246 956 1307 quam
972 1247 1012 1288 ex
1027 1227 1114 1310 ipso,

223 1337 292 1393 erat
303 1332 419 1395 notior.
469 1330 581 1406 Quem
592 1336 630 1392 ut
641 1331 772 1413 agnovi,
784 1329 937 1412 equidem
951 1331 1113 1393 cohorrui.

225 1435 292 1498 sed
309 1435 372 1514 ille,
395 1435 540 1514 “Ades’'
562 1436 680 1517 inquit,
703 1441 720 1474 “
731 1436 854 1512 animo,
876 1440 910 1496 et
932 1437 1049 1500 omitte
1072 1437 1115 1498 ti·

1207 219 1217 369 l

1208 585 1218 932 l

1213 936 1219 1194 l

221 1562 355 1619 morem,
374 1541 496 1624 Scipio,
512 1547 554 1617 et,
569 1560 655 1622 quae
675 1539 793 1617 dicam,
808 1539 900 1602 trade
922 1541 1115 1608 memoriae.
1219 1597 1220 1618 ,

266 1646 307 1708 Π.
330 1645 503 1707 “Videsne
519 1645 609 1707 illam
622 1646 746 1722 urbem,
758 1666 854 1726 quae,
867 1665 976 1728 parere
987 1646 1118 1741 populo·

222 1747 376 1810 Romano
398 1753 515 1810 coacta
538 1768 593 1830 per
615 1768 678 1825 me,
700 1754 836 1810 renovat
857 1749 994 1832 pristina
1016 1749 1114 1828 bella,

221 1873 282 1914 nec
304 1857 413 1936 potest
433 1850 621 1933 quiescere?
655 1852 864 1936 (ostendebat
893 1859 1006 1914 autem
1032 1853 1114 1916 Kar·

220 1957 390 2039 thaginem
407 1955 448 2016 de
464 1955 601 2033 excelso,
617 1961 650 2018 et
673 1955 768 2039 pleno
793 1955 969 2034 stellarum,
984 1955 1113 2038 illustri,
1220 1949 1221 2006 l

221 2066 255 2122 et
277 2060 362 2121 claro
385 2059 530 2140 quodam
554 2059 650 2146 loco,)
669 2059 710 2136 ad
734 2080 835 2141 quarn
848 2066 1115 2143 't‘u'oppugnan-

68 2210 73 2218 .
190 2162 299 2224 dam
313 2183 400 2224 nunc
412 2163 504 2225 venis
517 2184 620 2247 paene
632 2161 750 2226 miles?
796 2162 1113 2226 Hanchocbicrrnio

221 2266 336 2328 consul
360 2272 494 2346 evertes,
517 2267 642 2348 eritque
664 2286 849 2349 cognomen
872 2265 907 2328 id
929 2267 989 2328 tibi
1006 2287 1061 2349 per
1078 2274 1113 2330 te
1221 2279 1222 2282 ’

221 2377 361 2454 partum,
377 2371 467 2452 quod
483 2371 584 2432 habes
600 2370 708 2432 adhuc
724 2391 744 2432 a
760 2370 854 2432 nobis
868 2370 1112 2433 hereditarium.

224 2474 466 2553 Quumautem
482 2474 718 2557 Karthaginem
730 2473 895 2550 deleveris,
904 2474 1113 2557 triumphum

220 2580 334 2664 egeris,
364 2599 542 2660 censorque
564 2579 674 2656 fueris,
696 2582 730 2640 et
752 2577 869 2640 obieris
892 2576 1020 2660 legatus
1046 2577 1113 2640 Ae·

220 2691 370 2766 gyptum,
390 2682 530 2765 Syriam,
548 2681 675 2758 Asiam,
694 2681 878 2760 Graeciam,
897 2680 1036 2764 deligere
1052 2681 1113 2743 ite-

220 2809 294 2850 rum
309 2786 424 2849 consul
440 2788 569 2864 absens,
594 2785 782 2868 bellumque
805 2787 990 2848 maximum
1012 2785 1114 2848 confi·

220 2892 296 2969 cies,
310 2891 529 2954 Numantiam
542 2888 721 2952 exscindes.
747 2891 814 2953 Sed
826 2911 929 2972 quum
943 2891 1004 2952 eris
1014 2911 1113 2954 curru

220 2995 254 3056 in
274 2994 478 3077 Capitolium
500 2994 659 3072 invectus,
682 2991 827 3058 offendes
850 3015 918 3056 rem
941 2994 1113 3077 publicam

219 3100 443 3182 perturbatam
458 3097 602 3160 consiliis
618 3099 748 3187 nepotis
764 3098 838 3160 mei.
884 3097 949 3160 Hic
964 3103 1011 3175 tu,
1026 3097 1113 3160 Afri·

219 3224 311 3280 cane,
334 3201 489 3264 ostendas
512 3202 676 3284 oportebit
705 3202 831 3283 patriae
853 3200 966 3263 lumen
996 3201 1114 3280 animi,

219 3306 356 3390 ingenii,
372 3305 565 3386 consiliique
581 3305 642 3368 tui.
690 3302 758 3366 Sed
781 3305 851 3387 ejus
873 3304 1030 3386 temporis
1053 3323 1114 3366 an·

219 3411 353 3494 cipitem
369 3409 465 3470 video
481 3409 577 3490 quasi
593 3409 735 3471 satorum
755 3409 853 3470 viam.
900 3408 987 3470 Nam
1004 3428 1114 3488 quum

220 3519 313 3578 aetas
327 3519 388 3576 tua
403 3518 555 3596 septenos
571 3512 674 3574 octies
690 3511 767 3573 solis
790 3513 956 3576 anfractus
976 3510 1115 3574 reditus·
