2450 4096
313 337 415 379 arnan
437 338 459 380 r.
503 338 574 381 car.
596 340 821 384 xxx1.xxx11.
949 323 991 388 41

139 501 192 563 77.
217 500 260 563 A.
287 499 358 578 Qui
387 509 506 585 potest,
528 525 633 585 quum
662 506 727 568 ista
757 509 990 590 cognoverim?

94 603 145 668 Μ.
172 603 243 679 Qui
268 605 381 688 possit,
403 606 524 689 rogas?
572 608 731 670 Catervae
754 613 891 673 veniunt
916 633 990 674 con·

94 713 148 769 tra
177 707 372 787 dicentium,
401 729 463 771 nec
492 710 601 772 solum
622 711 881 794 Epicureorum,
905 737 989 796 quos

93 810 251 890 equidem
283 831 350 872 non
380 811 535 894 despicio,
566 813 624 874 sed
647 816 757 877 nescio
787 838 854 897 quo
888 818 989 880 modo

93 913 311 975 doctissimus
326 914 466 994 quisque
482 917 681 995 contemnit;
705 920 858 981 acerrime
874 926 987 983 autem

92 1013 233 1076 deliciae
249 1036 354 1092 meae,
370 1014 601 1095 Dicaearchus,
621 1025 735 1081 contra
751 1021 836 1083 hanc
857 1023 988 1085 immor·

91 1117 259 1179 talitatem
277 1118 444 1181 desseruit.
491 1119 523 1182 Is
538 1122 627 1182 enim
650 1128 714 1184 tres
728 1122 828 1186 libros
850 1127 986 1208 scripsit,

91 1220 153 1300 qui
186 1219 340 1282 Lesbiaci
368 1229 536 1300 vocantur,
566 1224 656 1304 quod
681 1224 850 1308 Mytilenis
879 1247 985 1291 sermo

91 1323 244 1399 habetur,
265 1324 301 1384 in
334 1325 455 1404 quibus
486 1325 558 1387 vult
588 1325 722 1404 efficere,
753 1329 882 1391 animos
913 1351 982 1392 esse

70 1423 259 1488 'mortales
306 1425 411 1489 Stoici
433 1433 545 1490 autem
568 1449 705 1490 usuram
727 1431 822 1492 nobis
844 1430 982 1513 largiun-

89 1535 156 1605 tur,
185 1535 359 1610 tamquam
389 1531 591 1610 comicibus;
613 1530 672 1592 diu
702 1551 874 1594 mansuros
889 1533 984 1596 aiunt

90 1632 235 1709 animos,
251 1633 386 1715 semper,
402 1639 536 1716 negant.

136 1734 285 1797 XXXII.
309 1735 399 1797 Num
415 1756 481 1798 non
493 1737 541 1798 vis
552 1735 654 1820 igitur
668 1737 792 1817 audire,
804 1759 872 1819 cur,
881 1739 982 1802 etiam

90 1838 116 1898 si
133 1838 185 1898 ita
201 1838 253 1913 sit,
269 1837 354 1901 m'ors
369 1845 481 1900 tamen
498 1860 564 1901 non
585 1841 629 1902 sit
649 1839 684 1902 in
706 1840 826 1903 malis?
871 1841 911 1904 A.
936 1842 983 1904 Ut

90 1940 240 2016 videtum
263 1940 320 2002 sed
335 1961 388 2002 me
403 1961 501 2002 nemo
517 1942 558 2003 de
574 1943 820 2004 immortalitate
833 1943 982 2026 depellet.

88 2042 141 2106 78.
168 2042 216 2105 M.
242 2043 360 2106 Laudo
376 2044 410 2105 id
426 2044 579 2125 quidem3
602 2046 663 2106 etsi
679 2045 759 2108 nihil
776 2047 873 2108 nimis
888 2068 981 2129 opor·
1003 2041 1005 2046 ’
1040 2115 1044 2128 ,

88 2151 137 2208 tet
149 2144 324 2211 confidere.
365 2146 540 2210 Movemur
551 2148 639 2209 enim
650 2169 747 2231 saepe
760 2149 870 2230 aliquo
884 2156 981 2212 acute

88 2248 263 2327 concluso;
286 2249 448 2327 labamus,
459 2257 696 2332 mutamusque
708 2253 906 2314 sententiam
919 2253 982 2315 cla-

87 2353 231 2414 rioribus
246 2352 346 2414 etiam
363 2353 396 2415 in
417 2355 532 2415 rebus:
555 2355 589 2416 in
613 2355 663 2416 his
685 2361 736 2417 est
757 2356 846 2416 enim
868 2354 981 2435 aliqua

88 2456 283 2517 obscuritas.
329 2454 365 2516 Id
382 2455 482 2538 igitur
497 2457 525 2517 si
541 2455 703 2532 acciderit,
726 2457 830 2517 simus
853 2457 1015 2558 armati&

90 2557 130 2619 A.
157 2556 248 2620 Sane
263 2557 417 2638 quidem;
439 2557 507 2634 sed,
522 2577 563 2618 ne
579 2556 719 2635 accidat,
735 2557 921 2639 providebo.
939 2558 971 2624 d
984 2544 1102 2683 (asp

131 2657 182 2722 M.
207 2657 379 2740 Numquid
402 2660 503 2742 igitur
524 2665 575 2720 est
596 2679 728 2738 causae,
750 2660 830 2739 quin
854 2661 979 2724 amicos

90 2769 219 2824 nostros
238 2760 369 2824 Stoicos
385 2760 618 2824 dimittamus?
640 2783 697 2824 eos
712 2763 797 2840 dico,
811 2763 869 2844 qui
885 2764 980 2827 aiunt

89 2866 220 2928 animos
236 2885 376 2942 manere,
392 2887 410 2927 e
425 2885 557 2949 corpore
579 2889 685 2948 quum
700 2869 904 2944 excesserint,
920 2868 979 2931 sed

18 2955 19 2960 ἵ
90 2955 156 3030 non
173 2966 322 3050 semper?
368 2967 408 3029 A.
433 2968 518 3030 Istos
535 2989 627 3030 vero:
649 2970 719 3050 qui,
739 2970 827 3050 quod
850 2976 921 3032 tota
943 2972 978 3034 in
1068 2987 1071 2992 ’

90 3070 152 3131 hac
181 3091 284 3132 causa
312 3068 541 3133 difficillimum
572 3077 631 3148 est,
661 3072 851 3154 suscipiant,
880 3092 977 3154 posse

18 3173 19 3206 r
91 3173 238 3235 animum
256 3193 388 3234 manere
399 3195 533 3256 corpore
545 3179 735 3235 vacantem:
758 3171 977 3251 illudentem,

18 3285 20 3352 ζ
90 3275 180 3356 quod
196 3296 261 3337 non
279 3275 378 3337 modo
394 3276 489 3338 facile
505 3276 549 3337 ad
565 3274 762 3338 credendum
779 3282 837 3353 est,
854 3274 920 3351 sed,
936 3295 976 3336 eo

91 3398 244 3440 concesso
267 3377 358 3460 quod
374 3379 498 3456 volunt,
524 3398 727 3457 consequens
757 3379 886 3453 idcirco,
911 3397 976 3440 non

91 3479 180 3560 dant,
209 3486 257 3560 ut,
286 3502 391 3563 quum
421 3482 479 3545 diu
509 3481 730 3566 permanserit,
759 3501 800 3542 ne
829 3479 976 3543 intereat.
