2420 4102
369 363 469 404 nmen
493 363 513 403 1.
558 361 628 402 uxr.
652 361 697 404 1x.
720 331 774 405 κζ
965 343 1002 407 11

114 549 179 614 per.
228 529 321 606 Quid
336 531 379 592 sit
400 551 494 612 porro
516 530 586 612 ipse
610 532 752 606 animus,
776 535 835 591 aut
857 531 924 607 ubi,
948 539 1007 592 aut

113 634 214 711 unde,
230 655 354 716 magna
365 633 525 694 dissensio
542 639 600 694 est.
648 633 731 695 Aliis
747 654 802 694 cor
815 635 925 716 ipsum
939 634 1006 694 ani-

114 758 192 799 mus
207 737 353 799 videtur:
376 757 416 797 ex
431 757 497 816 quo
514 735 676 813 excordes,
699 736 860 812 vecordem
882 755 1007 801 concor·

115 839 238 920 desque
254 840 417 918 dicuntur,
433 847 467 901 et
483 839 607 902 Nasica
621 839 674 900 ille
691 838 843 922 prudenS,
859 839 909 900 bis
932 860 1007 900 con-

49 951 51 956 '
116 942 178 1021 sul,
201 941 380 1021 Corculum,
396 947 429 1003 et

210 1055 320 1123 Eprepie
337 1055 506 1106 cordatus
523 1055 601 1119 torro,
623 1055 700 1107 Cotus
718 1055 801 1107 Aetiu'
820 1055 915 1107 Sextus.

115 1150 168 1213 19.
193 1150 412 1234 Empedocles
426 1153 574 1213 animum
587 1173 659 1214 esse
674 1160 786 1217 censet
801 1155 890 1216 cordi
906 1153 1006 1216 suffu-

116 1275 193 1315 sum
216 1255 422 1337 sanguinem.
480 1255 564 1317 Aliis
593 1277 667 1338 pars
697 1256 863 1337 quaedam
886 1259 1006 1319 cerebri

115 1357 189 1418 visa
211 1362 262 1418 est
289 1359 392 1419 animi
415 1358 635 1441 principatum
661 1365 780 1421 tenere.
837 1360 920 1422 Aliis
947 1382 1007 1422 neo
1090 1424 1099 1432 .

115 1481 173 1521 cor
187 1460 299 1542 ipsum
321 1461 436 1543 placet,
460 1483 520 1523 nec
542 1463 662 1522 cerebri
685 1462 855 1541 quandam
870 1467 1006 1544 partem,

115 1583 189 1623 esse
219 1564 389 1624 animum:
412 1563 471 1625 sed
494 1563 550 1626 alii
571 1565 605 1624 in
629 1563 733 1640 corde,
757 1563 813 1624 alii
829 1565 861 1625 in
878 1567 1006 1626 cerebro

115 1664 271 1726 dixerunt
285 1666 387 1727 animi
403 1687 474 1727 esse
490 1665 602 1728 sedem
624 1671 658 1727 et
679 1666 799 1728 locum.
845 1667 1006 1729 Animum

116 1773 231 1830 autem
248 1767 303 1830 alii
319 1769 475 1846 animam,
490 1776 530 1832 ut
544 1769 609 1830 fere
625 1769 737 1833 nostri.
782 1769 935 1832 Declarat
951 1791 1006 1833 no-

115 1893 213 1935 men:
236 1893 314 1933 nam
331 1878 364 1934 et
379 1874 628 1955 ogere‘onimom
643 1878 676 1933 et
692 1874 798 1956 efflare
811 1873 961 1949 dicimus,
973 1879 1007 1934 et

116 1977 285 2054 animosos,
301 1981 334 2038 et
349 1977 424 2038 bene
441 1977 607 2052 animatos,
623 1981 656 2037 et
668 1995 707 2037 ee
723 1976 822 2038 animi
833 1975 1007 2050 sententim

114 2081 188 2163 ipse
205 2084 316 2140 autem
333 2081 466 2141 animus
482 2080 524 2140 ab
540 2079 652 2141 anima
674 2079 782 2141 dictus
798 2085 857 2141 est.
904 2079 1007 2141 Zeno·

115 2183 152 2245 ni
171 2182 286 2245 Stoico
302 2184 433 2244 animus
449 2182 535 2265 ignis
552 2182 685 2244 videtur.

162 2281 203 2345 X.
229 2281 296 2344 Sed
312 2284 391 2345 haec
407 2284 551 2364 quidem,
564 2306 649 2365 quae
664 2285 741 2362 dixi,
757 2306 821 2364 cor,
835 2288 1009 2362 cerebrum,

116 2385 277 2462 animam,
292 2387 415 2468 ignem,
431 2385 529 2470 vulgo
542 2406 550 2463 ;
572 2386 696 2468 reliqua
711 2389 777 2449 fere
792 2388 920 2470 singuli.
958 2389 1009 2449 20.

118 2487 166 2550 Ut
181 2488 278 2550 multi
301 2495 377 2550 ante
400 2496 534 2567 veteres,
549 2491 695 2572 proxime
716 2497 829 2551 autem
846 2490 1008 2551 Aristoxe-

114 2612 188 2668 nuS,
205 2577 353 2653 musicus
370 2591 525 2673 idemque
541 2592 762 2674 philosophus
779 2593 882 2675 ipsius
898 2613 1009 2675 corpo·

113 2696 158 2755 ris
172 2695 392 2756 intentionem
409 2696 577 2777 quandam
589 2717 598 2772 ;
620 2696 711 2758 velut
724 2696 758 2758 in
775 2701 876 2758 cantu
890 2701 924 2758 et
938 2695 1007 2759 fidi·

114 2799 176 2858 bus
192 2819 280 2878 qnae
296 2798 467 2861 harmonia
489 2799 618 2878 dicitur,
633 2800 680 2862 sic
695 2820 735 2861 ex
750 2801 890 2883 corporis
905 2802 1008 2863 totius

114 2905 235 2963 natura
255 2906 289 2962 et
309 2899 415 2984 figura
430 2903 537 2964 varios
559 2907 670 2964 motus
685 2903 770 2980 cieri,
785 2909 958 2984 tamquam
974 2905 1008 2966 in

115 3006 218 3062 cantu
234 3020 343 3061 sonos.
388 2999 454 3063 Hic
469 3003 512 3062 ab
533 3000 670 3064 artificio
694 3023 754 3063 suo
777 3023 844 3064 non
867 3004 1008 3080 recessit,

116 3109 277 3165 ettamen
295 3103 379 3164 dixit
393 3103 529 3184 aliquid,
544 3104 635 3184 quod
656 3105 767 3188 ipsum
791 3105 888 3186 quale
912 3111 1008 3183 esset,

117 3212 186 3268 erat
202 3205 308 3276 multo
325 3212 402 3267 ante
418 3213 451 3268 et
471 3206 597 3268 dictum
613 3213 647 3269 et
669 3207 882 3290 explanatum
899 3230 919 3270 a
936 3209 1008 3272 Pla-

115 3317 204 3372 tone.
251 3307 453 3371 Xenocrates
466 3311 569 3371 animi
580 3309 720 3394 figuram
734 3318 767 3372 et
779 3313 875 3392 quasi
891 3333 1008 3394 corpus

117 3413 253 3496 negavit
268 3434 349 3490 esse,
370 3435 483 3474 verum
508 3435 682 3475 numerum
705 3415 788 3476 dixit
811 3436 893 3493 esse,
914 3414 1008 3496 cujus

119 3517 178 3595 vis,
192 3523 232 3579 111
243 3517 313 3598 jam
331 3523 407 3580 ante
425 3517 632 3601 Pythagorae
648 3519 757 3580 visum
774 3523 853 3598 erat,
866 3519 900 3578 in
914 3523 1009 3580 natu·
