2450 4096
294 341 395 392 arnan
416 349 438 392 r.
482 342 558 395 aar.¹
578 343 700 394 xxxrn'.
721 345 839 395 xxx1v.
967 329 1013 400 43

118 527 211 578 orem
227 535 300 578 esse
322 534 387 578 non
411 517 550 579 moleste
572 518 685 582 feram.
732 518 916 581 Enumerat
930 519 1011 583 mul-

118 625 191 697 tos3
212 619 314 700 idque
336 621 432 700 quasi
454 627 592 698 constet,
614 623 785 698 rationem,
800 643 858 684 eur
878 623 926 684 ita
940 622 1011 704 fiat,

68 729 72 735 “
120 721 222 784 affert.
271 722 418 798 Quodsi
439 730 535 786 tanta
556 726 608 786 vis·
622 731 673 788 est
687 726 730 788 ad
753 727 902 788 habiturn
920 747 1010 790 men-

118 825 164 886 tis
186 825 220 886 in
243 826 293 902 iis,
315 845 401 905 quae
424 827 605 909 gignuntur
625 829 661 890 in
683 849 832 911 corpore3
859 830 911 913 (ea
934 836 1011 894 sunt

120 933 244 1005 autem,
274 943 493 1010 quaecunque
523 937 610 1009 sunt,
639 952 726 1012 quae
759 932 1010 996 similitudinem

118 1031 246 1093 faciant
255 1030 276 1113 3)
302 1031 383 1093 nihil
405 1034 610 1096 necessitatis
633 1034 734 1113 affert,
758 1055 815 1097 cur
832 1042 1010 1098 nascantur

119 1134 234 1210 animi,
266 1133 457 1198 similitudo·
504 1136 635 1199 Omitto
671 1139 911 1200 similitudines.
955 1138 1008 1204 81.

121 1233 252 1297 Vellem
283 1236 398 1298 adesse
438 1244 551 1320 posset
592 1239 789 1319 Panaetius;
819 1243 902 1302 vixit
932 1261 1009 1304 oum

121 1339 294 1416 African03
316 1357 504 1420 quaererem
527 1360 567 1402 ex
589 1361 639 1419 eo,
659 1342 754 1425 cujus
770 1364 905 1420 suorum
921 1344 1009 1404 simi·

117 1439 161 1502 iis
176 1440 294 1502 fuisset
317 1442 463 1503 Africani
484 1443 591 1505 fratris
606 1464 719 1526 nepos,
734 1445 817 1505 faeie
833 1444 884 1505 vel
899 1445 1009 1526 patris,

117 1542 190 1603 vita
219 1543 370 1604 omniurn
399 1544 600 1627 perditorum
629 1546 678 1607 ita
707 1545 833 1622 similis,
862 1550 902 1606 ut
923 1550 1010 1606 esset

117 1644 216 1706 facile
232 1641 439 1724 deterrimus;
462 1647 557 1728 eujus
580 1647 681 1708 etiam
703 1647 818 1709 similis
835 1647 870 1708 P.
890 1646 1008 1724 Crassi,

118 1751 155 1808 et
177 1747 336 1828 sapientis
358 1753 392 1808 et
413 1741 596 1828 eloquentis
619 1754 653 1810 et
675 1749 771 1831 primi
786 1749 938 1826 hominis,
954 1768 1008 1809 ne·

117 1867 191 1932 pos,
220 1849 464 1931 multommque
494 1849 633 1911 aliorum
662 1849 823 1913 clarorum
855 1851 1008 1927 virorum,

118 1969 205 2032 quos
220 1951 300 2013 nihil
316 1952 435 2014 attinet
450 1953 628 2028 nominare,
644 1957 780 2034 nepotes
796 1957 829 2014 et
843 1950 911 2014 filii.

167 2051 235 2114 Sed
256 2053 336 2134 quid
358 2053 513 2136 agimus?
536 2052 672 2114 oblitine
694 2069 821 2132 sumus,
836 2053 899 2115 hoe
918 2065 1007 2114 nune

117 2155 216 2218 n'obis
243 2175 314 2216 esse
336 2157 550 2238 propositum,
579 2173 683 2237 quum
706 2157 786 2217 satis
808 2155 849 2216 de
872 2153 1008 2217 aeterni-

117 2262 191 2320 tate
213 2256 420 2334 dixissemus
443 2278 483 2319 ne
501 2258 529 2318 si
548 2258 716 2319 interirent
737 2257 871 2338 quidem
894 2255 1008 2332 animi,

118 2358 304 2440 quidquam
327 2359 408 2420 mali
430 2379 501 2420 esse
530 2359 562 2420 in
594 2357 722 2420 morte?
767 2354 807 2420 A.
835 2351 910 2438 Ego
932 2373 1007 2416 vero

60 2538 62 2540 Ι
118 2461 355 2538 memineram;
370 2461 469 2522 sedte
485 2460 526 2522 de
541 2461 734 2522 aeternitate
744 2460 908 2521 dicentem
919 2458 1008 2517 aber-

117 2579 188 2626 rare
205 2583 225 2623 a
240 2563 406 2644 proposito
421 2562 517 2624 facile
534 2563 688 2644 patiebar.

165 2657 329 2726 XXXIV.
373 2663 425 2727 82.
450 2657 499 2726 M.'
522 2663 630 2724 Video
645 2668 678 2723 te
705 2659 770 2722 alte
794 2664 951 2742 spectare,
975 2663 1009 2722 et

119 2768 202 2830 velle
218 2769 253 2829 in
269 2767 397 2829 caelum
413 2767 560 2848 migrare.
606 2765 645 2828 A.
671 2763 775 2848 Spero
789 2765 866 2842 fore,
882 2769 920 2826 ut
935 2783 1010 2826 eon-

119 2873 230 2953 tingat
244 2869 280 2930 id
295 2870 398 2931 nobis.
444 2868 512 2932 Sed
527 2868 588 2944 fae,
603 2873 642 2930 ut
659 2867 716 2930 isti
730 2867 856 2943 volunt,
879 2866 1008 2926 animos

121 2993 186 3049 non
204 2993 370 3034 remanere
386 2977 462 3054 post
477 2973 634 3034 mortem:
656 2969 754 3031 video
768 2988 838 3045 nos,
855 2969 883 3029 si
897 2968 945 3029 ita
957 2968 1008 3044 sit,

121 3076 240 3158 privari
263 3095 320 3156 spe
343 3074 496 3135 beatioris
511 3073 607 3135 vitae.
652 3069 700 3136 M.
726 3071 809 3133 Maii
829 3087 905 3130 vero
928 3067 1009 3149 quid

122 3176 217 3239 affert
245 3177 311 3238 ista
340 3175 527 3238 sententiat
572 3175 643 3237 Fae
671 3175 760 3236 enim
783 3173 830 3233 sie
859 3171 1009 3232 animum

121 3280 260 3356 interire,
276 3285 314 3341 ut
329 3297 463 3360 corpus:
486 3298 567 3339 num
588 3278 689 3359 igitur
704 3276 822 3356 aliquis
844 3272 935 3334 dolor
950 3273 1010 3331 aut

123 3378 260 3438 omnino
276 3382 507 3458 postmortem
531 3395 649 3436 sensus
671 3375 706 3436 in
728 3391 861 3455 corpore
885 3367 1010 3430 esti—-

125 3477 235 3540 Nemo
255 3478 292 3541 id
314 3477 450 3559 quidem
473 3477 571 3540 dicit:
601 3476 663 3538 etsi
684 3474 910 3539 Democritum
933 3467 1010 3532 iusi·
