2450 4096
333 399 482 445 eruerer.
528 401 601 444 cer.
625 399 720 444 xerr.
744 400 851 445 xtvrr.
999 377 1040 446 61

184 571 261 656 Ego
278 576 395 633 autem
409 570 472 632 roi
487 569 633 652 quidem,
649 569 740 651 quod
755 570 836 633 satis
852 575 948 648 esset,
960 591 1041 654 pau·

135 677 189 740 cis
203 676 323 753 verbis,
338 681 378 736 ut
392 675 475 736 milri
498 673 642 752 videbar,
664 673 906 757 responderam.
955 675 1041 737 Con-

136 799 287 843 cesseras
302 779 403 856 enim,
426 777 517 840 nullo
532 777 567 840 in
585 777 674 840 melo
698 785 847 840 mortuos
870 797 960 857 esse3
983 779 1041 842 sed

136 887 184 948 ob
215 905 293 946 eam
323 903 462 946 oausam
492 881 659 960 contendi,
688 887 728 944 ut
765 881 858 966 plura
888 883 1041 962 dicerem,

135 988 233 1071 quod
255 989 289 1050 in
314 986 476 1049 desiderio
500 993 534 1049 et
562 985 656 1048 luctu
679 985 760 1049 haee
783 993 834 1050 est
856 987 1040 1050 consolatio

136 1092 300 1156 maxima.
347 1091 508 1154 Nostrum
531 1091 620 1152 enim
644 1095 678 1152 et
712 1098 825 1154 nostra
847 1113 950 1154 causa
973 1113 1043 1154 sus-

134 1203 277 1280 ceptum
293 1195 441 1258 dolorem
457 1194 588 1256 modice
603 1194 683 1257 ferre
706 1194 879 1276 debemus,
902 1217 943 1258 ne
968 1217 1040 1259 nos·

137 1307 212 1364 met
228 1302 318 1383 ipsos
341 1320 453 1362 amare
475 1299 657 1361 videamur.
703 1299 764 1362 Illa
787 1301 933 1384 suspicio
956 1302 1041 1363 into·

137 1404 273 1468 lerabili-
290 1403 403 1466 dolore
425 1404 559 1481 cruciat,
582 1403 611 1465 si
634 1404 811 1486 opinamur
832 1425 899 1480 eos,
919 1405 1041 1485 quibus

139 1511 250 1573 orbati
266 1531 394 1587 sumus,
409 1529 482 1571 esse
494 1529 571 1572 oum
584 1509 699 1590 aliquo
712 1529 811 1571 sensu
827 1511 860 1571 in
877 1508 918 1570 iis
934 1509 1041 1587 malis,

138 1615 266 1696 quibus
281 1613 383 1696 vulgo
400 1613 587 1696 opinantur.
634 1611 732 1676 Hane
748 1619 898 1676 excutere
914 1614 1041 1697 opinio·

138 1739 220 1781 nem
237 1718 391 1780 mihimet
405 1717 498 1780 volui
509 1717 686 1798 radieitus3
708 1739 815 1800 eoque
830 1718 880 1781 fui
902 1718 1041 1782 fortasse

138 1822 280 1905 longior.

70 1924 71 1927 ’
188 1925 337 1990 XLVII.
382 1925 455 1989 112.
479 1925 520 1990 A.
545 1909 765 2010 Tulongiori
789 1947 857 1989 non
872 1927 955 1988 mihi
970 1927 1041 2008 qui·

140 2031 229 2094 dero.
276 2029 368 2092 Prior
390 2031 480 2093 enim
504 2052 578 2115 pars
602 2031 762 2093 orationis
784 2037 864 2093 tuae
888 2031 1041 2110 iaciebat,
1068 2097 1074 2109 ,

139 2141 182 2198 ut
205 2135 289 2196 mori
312 2153 484 2218 euperem;
508 2135 675 2218 posterior,
697 2140 737 2197 ut
759 2135 860 2220 modo
883 2157 950 2199 non
973 2135 1043 2199 nol-

140 2239 218 2317 lem,
234 2237 419 2302 modo·non
436 2239 618 2302 laborarem
631 2258 639 2318 3
662 2239 755 2302 omni
767 2246 881 2303 autem
894 2242 1042 2303 oratione

140 2343 224 2406 illud
247 2349 335 2406 certe
350 2343 533 2426 perfectum
548 2349 608 2422 est,
631 2349 670 2406 ut
692 2351 832 2407 mortem
855 2365 921 2406 nou
945 2345 1042 2407 duce·

140 2467 210 2511 rem
227 2449 261 2509 in
278 2447 385 2510 malis.

187 2552 235 2615 M.
261 2551 353 2614 Num
370 2552 474 2636 igitur
486 2553 590 2614 eliam
604 2551 769 2613 rhetorum
796 2549 965 2635 epilogum
988 2551 1042 2614 de-

141 2654 352 2719 sideremus?
376 2677 418 2717 an
442 2656 529 2718 hano
548 2655 619 2740 jam
643 2661 747 2718 artem
771 2656 868 2739 plane
890 2656 1042 2740 relinqui-

142 2759 243 2822 mus?
290 2757 330 2822 A.
356 2757 410 2822 Tu
440 2781 515 2822 vero
545 2761 646 2822 istam
676 2782 719 2823 ne
747 2761 924 2844 reliqueris
939 2785 1042 2844 quam

142 2882 273 2944 semper
296 2861 430 2940 ornasti,
453 2867 487 2924 et
516 2861 652 2943 quidem
679 2863 772 2948 jure3
800 2864 858 2928 illa
888 2867 976 2928 enim
999 2872 1043 2944 te,

142 2985 258 3028 verum
282 2966 311 3028 si
332 2965 426 3048 loqui
447 2965 613 3046 volumus,
636 2974 817 3033 ornaverat.
881 2969 949 3033 Sed
972 2972 1043 3053 qui·

142 3091 223 3134 nem
239 3076 291 3135 est
306 3071 369 3134 iste
385 3069 561 3154 epilogus?
585 3093 668 3135 eveo
692 3073 793 3136 enim·
805 3074 928 3153 audire,
948 3075 1043 3157 quid·

142 3175 225 3258 quid
255 3181 315 3237 est.
360 3174 433 3238 113.
457 3175 505 3238 M.
528 3175 675 3239 Deorum
698 3177 937 3241 immortalium
956 3179 1069 3266 judi-s

143 3280 196 3342 oia
212 3278 321 3342 solent
337 3267 508 3342 in'scholis
525 3280 663 3362 prolerre
679 3281 720 3343 de
737 3289 860 3360 rnorte;
883 3303 944 3344 nec
966 3303 1042 3344 vero

143 3405 184 3446 ea
206 3381 332 3467 fingere
353 3385 428 3467 ipsi,
452 3383 510 3446 sed
538 3383 708 3448 Herodoto
739 3393 873 3448 auctore
904 3387 1055 3468 aliisquev

144 3487 303 3571 pluribus.
349 3487 501 3550 Primum
519 3489 642 3573 Argiae
657 3491 846 3569 sacerdotis,
862 3488 994 3554 Cleobis
1010 3498 1045 3556 et

146 3591 235 3672 Bito,
245 3590 305 3656 filii
317 3592 558 3677 praedicantur,
605 3594 695 3658 Nota
705 3594 819 3658 fabule
829 3601 889 3675 est.
924 3595 1043 3673 Quum
