2420 4102
344 294 446 336 araca
467 295 488 335 1.
533 294 604 336 cnr.
627 294 738 338 xxvii.
943 271 987 337 35

91 467 166 526 nest„
219 460 312 523 Nihil
334 459 423 521 enim
445 465 496 521 est
518 460 551 522 in
576 459 696 522 animis
720 459 863 522 mixtum
886 464 987 540 atquc

91 571 295 641 concretum,
324 568 385 626 aut
418 563 508 644 quod
547 583 587 625 ex
616 569 700 626 terra
738 569 856 626 natum
887 569 987 645 etque

91 664 210 728 fictum
233 685 305 725 esse
338 663 507 742 videatur;
538 663 619 726 nihil
649 685 692 725 ne
722 671 783 726 aut
812 664 987 726 humidum

92 768 241 850 quidem,
264 772 325 829 aut
346 766 465 843 flabile,
488 772 547 829 aut
562 768 708 850 igneum.
755 767 818 829 His
840 769 930 829 enim
953 768 988 828 in

93 873 223 935 naturis
237 872 318 934 nihil
333 873 427 948 inest,
449 871 540 952 qnod
555 872 623 934 vim
647 873 835 950 memoriae,
857 872 988 948 mentis,

94 977 307 1060 cogitationis
331 977 460 1052 habeat,
475 975 565 1056 qnod
581 982 615 1038 et
630 977 804 1058 praeterita
819 982 941 1053 teneat,
955 981 989 1038 et

94 1082 208 1143 sutura
223 1079 401 1162 provideat,
418 1085 451 1139 et
465 1079 642 1162 complecti
665 1080 769 1163 possit
784 1081 987 1162 praesentias

94 1204 183 1264 quae
207 1183 278 1244 sola
299 1182 413 1244 divina
436 1187 523 1258 sunt,
546 1203 608 1244 nec
628 1183 814 1244 invenietur
829 1204 988 1264 unquam,

94 1287 186 1350 unde
209 1287 253 1350 ad
274 1288 444 1350 hominem
466 1288 576 1348 venire
605 1287 743 1368 possint,
772 1287 836 1348 nisi
866 1307 887 1348 a
916 1286 979 1348 deo

97 1390 284 1474 Singularis
306 1395 358 1452 est
379 1390 481 1472 igitur
502 1389 668 1470 quaedam
689 1395 808 1452 natura
823 1396 924 1469 atque
940 1390 989 1450 vis

95 1494 212 1570 animi,
226 1493 376 1577 sejuncta
391 1495 433 1554 ab
449 1493 499 1554 his
522 1493 655 1554 usitatis
678 1492 832 1571 notisque
855 1492 980 1553 naturis

96 1597 160 1675 Ita,
175 1596 338 1679 quidquid
361 1602 413 1658 est
434 1595 527 1674 illud,
547 1595 639 1677 quod
654 1595 763 1672 sentit,
778 1594 869 1676 quod
893 1595 987 1677 sapit

95 1701 187 1782 quod
207 1701 297 1778 vivit,
319 1699 410 1780 quod
432 1700 531 1782 viget,
554 1698 695 1761 caeleste
718 1705 752 1760 et
773 1698 924 1760 divinum
947 1699 987 1760 oh

96 1825 239 1885 eamque
253 1824 322 1866 rem
338 1809 507 1866 aeternnm
524 1804 568 1865 sit
585 1823 717 1866 necesse
740 1809 799 1865 est
845 1804 917 1866 Nec
938 1824 987 1865 ve·

94 1928 131 1970 ro
146 1908 231 1969 deus
245 1907 326 1990 ipse,
341 1908 400 1988 qui
413 1907 607 1990 intelligitur
628 1927 650 1968 a
671 1907 777 1983 nobis,
800 1906 866 1968 alio
889 1906 989 1968 modo

95 2010 238 2094 intelligi
268 2016 386 2093 potest,
415 2011 481 2072 nisi
510 2031 604 2072 mens
634 2010 744 2072 soluta
765 2009 931 2100 quaedam
957 2015 992 2073 et

95 2113 209 2191 libera,
239 2119 410 2196 segregata
440 2116 482 2176 ab
505 2114 598 2174 omni
619 2097 826 2176 concretione
850 2113 990 2192 mortali,

96 2218 212 2280 omnia
241 2218 385 2280 sentiens
423 2222 458 2278 et
494 2237 641 2294 movens,
675 2217 814 2300 ipsaque
845 2218 992 2299 praedita

5 2365 6 2370 η
97 2327 193 2382 motu
224 2321 454 2402 sempitern0.”
508 2319 559 2381 67.
592 2319 666 2382 Hoc
696 2341 714 2380 e
744 2341 861 2403 genere
892 2327 991 2399 atque

6 2485 7 2516 3
98 2424 215 2486 eadem
232 2443 251 2483 e
267 2429 384 2484 natura
400 2428 451 2498 est
466 2423 613 2485 humana
632 2444 735 2484 mens.
769 2397 908 2488 W

6 2521 7 2524 '
143 2526 212 2588 Ubi
235 2526 344 2609 igitur,
368 2531 429 2588 aut
449 2525 557 2606 qualis
580 2531 631 2587 est
653 2525 719 2586 ista
740 2543 834 2585 mens
844 2520 858 2584 l
868 2557 913 2570 -
926 2521 992 2585 Ubi

99 2635 167 2707 tua,
184 2635 244 2692 aut
258 2627 389 2709 qualis?
411 2635 550 2711 potesne
564 2625 695 2690 dicere?
719 2646 771 2703 an,
787 2626 814 2688 si
825 2625 938 2688 omnia
949 2626 993 2688 ad

7 2773 9 2812 ,
99 2729 352 2814 intelligendum
368 2753 434 2794 non
451 2732 566 2810 habeo,
579 2753 665 2813 quae
677 2731 796 2793 habere
807 2729 936 2810 vellem,
951 2751 993 2793 ne

7 2819 9 2882 l
100 2835 140 2896 iis
151 2834 300 2916 quidem,
311 2855 398 2916 quae
410 2835 527 2912 habeo,
538 2836 620 2897 mihi
632 2839 729 2918 perte
744 2834 795 2897 uti
811 2831 994 2896 licebitl-

104 2937 179 3000 Non
198 2938 292 3036 Q
301 2945 434 3004 tanturn
450 2940 593 3018 animus,
604 2946 644 3002 ut
655 2960 690 3001 se
702 2939 813 3021 ipsum
825 2939 895 3021 ipse
906 2939 993 3001 vide·

8 3065 10 3090 ι
104 3047 155 3119 at;
177 3049 213 3103 at
229 3047 267 3103 ut
281 3041 408 3119 oculus,
424 3042 472 3104 sio
487 3042 629 3121 animus,
645 3063 763 3105 senon
778 3042 903 3121 videns,
926 3041 994 3104 alia

8 3151 10 3222 ζ
105 3145 215 3208 cernit.
262 3143 339 3206 Non
355 3144 446 3206 videt
468 3151 593 3226 autem,
615 3145 705 3227 qnod
728 3145 905 3207 minimum
931 3151 993 3224 est,

9 3235 10 3238 ¹
106 3245 243 3308 formam
267 3267 374 3308 suam.
430 3247 604 3310 Fortasse:
627 3267 832 3329 quamquam
855 3247 890 3308 id
912 3267 993 3326 quo-

10 3416 15 3430 ,
108 3369 185 3428 que:
208 3350 266 3413 sed
288 3349 530 3431 relinquamus3
556 3352 624 3411 vim
647 3357 742 3429 certe,
766 3351 994 3432 sagacitatem,

110 3455 309 3535 memoriam,
342 3461 482 3534 motum,
512 3454 712 3518 celeritatem
741 3454 840 3516 videt.
899 3449 994 3514 Haeo
