2450 4096
199 332 243 396 62
365 349 632 396 ruscunrurnuu
654 349 930 394 unsrurrnronuu

199 521 289 584 enirn
311 520 403 584 illam
427 520 469 584 ad
492 519 638 584 sollenne
672 524 706 582 et
738 524 865 582 statum
898 517 1112 584 sacrificium

200 646 296 688 curru
326 625 401 686 vehi
427 625 482 708 jus
505 628 593 686 esset
614 623 696 686 satis
718 623 817 707 louge
840 625 883 686 ab
906 623 1031 708 oppido
1058 623 1109 686 ad

200 729 327 806 sanum,
343 733 612 810 morarenturque
624 727 788 810 jumenta,
808 733 890 790 tune
907 727 1049 810 juvenes
1069 728 1110 805 ii,

201 854 285 915 quos
302 831 401 895 ruodo
418 833 597 910 nominavi,
613 837 703 894 veste
723 832 843 915 posita,
866 853 1001 915 corpora
1025 831 1110 894 oleo
1209 839 1210 880 3

200 943 435 1020 perunxerunt,
451 937 494 998 ad
508 937 630 1020 jugum
653 941 872 998 accesserunt.
919 936 971 998 Ita
993 957 1108 998 sacer·

201 1040 262 1102 dos
278 1038 418 1102 advecta
433 1041 465 1102 in
482 1040 609 1118 fanum,
625 1061 729 1122 quum
747 1060 859 1104 currus
874 1045 962 1103 esset
976 1040 1109 1103 duetus

202 1163 222 1204 a
239 1141 325 1222 filiis,
341 1149 474 1228 precata
489 1165 509 1205 a
528 1144 592 1206 dea
613 1144 743 1222 dicitur,
765 1151 804 1206 ut
825 1143 890 1206 illis
912 1145 1108 1228 praemium

202 1249 294 1312 daret
316 1271 374 1333 pro
398 1250 522 1333 pietate
544 1250 635 1332 quod
662 1250 847 1312 maximum
878 1250 1007 1312 homini
1028 1250 1110 1314 dari

202 1359 354 1438 possete
376 1355 457 1434 deo;
481 1360 557 1438 post
578 1353 730 1438 epulatos
757 1375 835 1416 curn
858 1361 962 1418 matre
989 1353 1108 1418 adole·

203 1465 332 1522 scentes
355 1480 472 1522 somno
496 1480 531 1522 se
561 1458 701 1536 dedisse,
723 1479 823 1522 ruane
849 1458 1003 1524 inventos
1026 1480 1107 1522 esse

202 1571 361 1630 mortuos.
406 1564 478 1628 114.
504 1563 615 1627 Simili
630 1563 818 1646 precatione
839 1563 1052 1647 Trophonius
1068 1569 1108 1626 et

206 1669 395 1752 Agamedes
419 1669 472 1730 usi
502 1667 675 1730 dicuutur:
712 1668 781 1750 qui,
811 1688 918 1749 quum
951 1667 1107 1750 Apollini

203 1771 342 1856 Delphis
371 1770 534 1855 templum
565 1770 881 1850 exaedificavissent,
905 1777 1105 1836 venerantes

203 1877 302 1940 deurn
319 1877 506 1960 petiverunt
521 1875 705 1938 mercedem
721 1896 788 1939 non
810 1897 947 1959 parvam
962 1876 1106 1958 quidem

203 1982 311 2064 operis
326 1986 360 2042 et
381 1980 502 2042 laboris
525 1981 587 2059 sui,
609 1980 692 2042 nihil
713 1981 802 2058 certi,
826 1980 885 2042 sed
907 1979 998 2062 quod
1013 1987 1106 2044 essct

155 2081 161 2092 '
203 2085 369 2168 optimum
393 2084 531 2148 homini.
581 2083 716 2162 Quibus
741 2084 862 2168 Apollo
886 2106 921 2147 se
947 2084 983 2148 id
1004 2085 1105 2154 datu·

1209 2599 1210 2640 l

1209 2893 1210 2932 l

1209 2933 1210 2978 l

202 2208 276 2250 rurn
300 2183 446 2250 ostendit
467 2193 544 2271 post
569 2188 641 2272 ejus
664 2189 730 2251 diei
752 2189 842 2252 diem
864 2190 1019 2252 tertium:
1042 2191 1106 2271 qui

203 2298 243 2356 ut
254 2291 371 2371 illuxit,
384 2294 505 2356 mortui
518 2299 596 2355 sunt
604 2294 730 2376 reperti.
773 2293 794 2356 J
796 2293 982 2356 udicavisse
997 2293 1104 2357 deum

203 2399 328 2477 dicunt,
344 2403 377 2461 et
392 2419 469 2460 eum
485 2399 622 2480 quidem
634 2397 747 2477 deum,
763 2399 819 2460 cui
833 2397 950 2480 reliqui
961 2398 1008 2461 dii
1023 2419 1104 2462 con·

203 2505 389 2580 cessissent,
405 2510 443 2566 ut
458 2509 585 2586 praeter
600 2508 724 2564 ceteros
740 2501 912 2567 divinaret.

250 2607 415 2670 XLVIII.
455 2606 598 2669 Affertur
628 2607 730 2668 etiarn
761 2605 802 2684 de
835 2605 949 2669 Sileno
978 2605 1105 2669 fabella

203 2709 381 2792 quaedam,
404 2709 471 2790 qui,
494 2730 600 2790 quum
623 2729 644 2770 a
668 2709 763 2772 Mida
785 2717 904 2793 captus
920 2715 1015 2786 esset,
1038 2710 1105 2773 hoc

203 2815 235 2876 ei
258 2812 403 2876 muneris
427 2833 484 2895 pro
514 2833 577 2874 sua
598 2813 756 2876 missione
779 2814 909 2876 dedisse
931 2814 1103 2877 scribitur:
1134 2823 1145 2892 ξ
1209 2807 1210 2872 l

204 2915 357 2979 docuisse
379 2936 499 3000 regem,
522 2936 590 2979 non
613 2918 706 2980 nasci
729 2918 856 2980 homini
885 2917 984 3002 longe
1014 2918 1103 3001 opti·

86 3018 141 3122 fs
174 3042 286 3127 fnum
316 3040 405 3106 csse;
442 3022 629 3106 proximum
653 3029 777 3101 autern,
814 3043 918 3104 quam
955 3023 1102 3105 primum
1203 3031 1210 3040 “’

112 3126 183 3221 ‹sp-J?
203 3127 296 3190 mori.
314 3116 323 3204 l
340 3125 412 3188 115.
440 3125 520 3203 Qua
550 3132 601 3190 est
631 3128 796 3190 sententia
825 3129 861 3190 in
895 3126 1102 3210 Cresphonte
1209 3187 1210 3210 p

85 3216 98 3254 ἢ
203 3253 285 3296 usus
302 3230 497 3314 Euripides:
853 3235 877 3308 'x

303 3352 318 3411 l'
341 3331 411 3384 Nam
422 3333 467 3382 no's
479 3331 587 3397 decebat,
597 3331 679 3384 coetus
691 3332 849 3395 celebrantes,
860 3331 961 3384 domum

340 3419 448 3489 Eripere,
460 3419 504 3470 ubi
514 3429 574 3490 esset
585 3419 678 3490 siliquis
690 3419 718 3471 in
730 3421 809 3472 lucem
821 3419 909 3484 ectu,
1032 3482 1042 3503 ¹

292 3502 296 3556 l
343 3505 480 3559 Humtnoe
492 3507 556 3558 ottae
568 3506 641 3558 υάνία
653 3509 796 3573 reputantes
808 3507 877 3558 matu
885 3522 896 3570 ;

292 3557 298 3621 l
343 3589 386 3653 Ar,
399 3591 443 3658 qut
454 3589 549 3641 utores
561 3589 744 3656 mirtefinisstt
753 3607 850 3657 provee,

297 3634 326 3744 h
348 3674 423 3726 Hunc
435 3674 502 3727 drnnz'
514 3675 608 3726 amicos
619 3674 694 3726 larido
706 3681 729 3726 el
740 3675 834 3728 laetitia
847 3674 954 3746 ἐπειρῶ.
