2420 4102
274 337 378 380 mssa
400 337 420 379 1.
465 337 536 380 cnr.
560 338 659 380 xxrn.
683 338 779 380 xxrv.
930 319 973 383 29

77 507 130 583 sit,
151 503 242 586 quod
264 505 376 587 ipsum
400 525 421 566 a
443 525 479 566 se
501 511 660 567 movetur.
714 505 753 566 Id
775 510 889 567 autem
913 527 974 571 nec

76 611 171 672 nasci
188 614 306 691 potest,
322 629 384 670 nec
399 609 481 670 mori
494 629 508 669 ε·
525 608 576 670 vel
599 608 753 671 concidat
778 628 877 671 omne
901 630 974 671 cae·

76 711 159 788 lum,
175 712 349 792 omnisque
366 718 484 772 natura
499 712 660 773 consistat
675 731 807 774 necesse
830 717 890 790 est,
913 733 974 776 nec

77 817 147 876 vim
163 815 264 877 ullam
288 815 506 892 nanciscatur,
521 837 590 896 qua
611 816 716 898 primo
738 817 884 899 impulsa
905 837 974 880 mo·

77 925 202 982 reatur.
250 919 368 995 Quum
384 926 499 1002 pateat
514 920 623 1003 igitur,
639 925 810 982 aeternum
832 921 865 983 id
889 943 971 1003 esse,

77 1023 168 1104 quod
186 1044 220 1084 se
235 1022 345 1105 ipsum
363 1029 513 1102 moveat3
536 1025 611 1104 quis
626 1030 686 1100 cst,
701 1024 760 1104 qui
776 1025 860 1087 hanc
876 1032 971 1088 natu·

77 1147 148 1190 ram
172 1127 292 1187 animis
315 1147 387 1188 esse
409 1127 569 1188 tributam
596 1125 720 1210 neget?
778 1126 970 1192 Inanimum

77 1236 130 1291 est
153 1231 243 1290 onim
269 1250 378 1307 omne,
403 1230 492 1310 quod
525 1230 621 1312 pulsu
652 1232 797 1314 agitatur
826 1239 973 1295 externo:

76 1329 168 1413 quod
196 1337 310 1393 autem
330 1339 381 1394 est
396 1333 530 1409 animal,
546 1333 579 1394 id
596 1339 690 1395 motu
706 1334 808 1396 cietur
819 1335 971 1397 interiore

77 1441 110 1496 et
133 1456 204 1496 suo.
266 1435 354 1496 Nam
378 1436 459 1497 haec
489 1443 540 1496 cst
562 1436 691 1518 propria
722 1442 840 1498 natura
866 1437 970 1498 animi

77 1544 178 1619 atque
198 1539 256 1600 vis.
304 1539 403 1614 Quae
426 1539 454 1600 si
477 1545 528 1600 est
549 1559 618 1601 una
641 1559 680 1600 ex
703 1540 868 1616 omnibus,
883 1559 970 1619 quae

77 1663 112 1703 se
128 1643 199 1723 ipsa
216 1663 345 1724 semper
359 1643 510 1720 mo'veat;
532 1663 640 1723 neque
656 1647 737 1704 nata
752 1648 838 1704 certe
861 1648 920 1720 est,
935 1648 970 1706 et

77 1750 211 1807 aeterna
225 1746 303 1806 cst.”
333 1731 490 1861 W

118 1847 171 1908 55.
197 1847 291 1909 Licet
305 1854 501 1911 concurrant
516 1870 631 1911 omnes
643 1848 761 1932 plebeii
774 1850 969 1934 philosophi,

79 1950 141 2035 (sic
162 1951 250 2012 enim
275 1951 307 2027 ii,
329 1953 387 2033 qui
403 1973 424 2014 a
442 1952 581 2014 Platone
606 1958 640 2014 et
663 1952 800 2016 Socrate
822 1959 856 2016 et
871 1956 914 2016 ab
930 1975 970 2016 ea

75 2053 204 2115 familia
215 2054 385 2132 dissident,
395 2055 584 2138 appellandi
595 2056 774 2140 videntum)
789 2077 855 2120 non
869 2057 968 2120 modo

76 2157 157 2220 nihil
172 2178 322 2238 unquam
337 2165 407 2221 tam
430 2159 597 2242 eleganter
618 2158 838 2242 explicabunt,
854 2162 912 2224 sed
928 2183 969 2224 ne

76 2259 138 2322 hoc
161 2261 297 2341 quidem
327 2262 438 2345 ipsum
460 2283 562 2343 quam
586 2263 748 2325 subtiliter
773 2264 968 2327 conclusum

77 2364 118 2425 sit
143 2363 337 2447 intelligent.
384 2364 494 2426 Sentit
509 2366 608 2448 igitur
623 2367 755 2427 animus
776 2367 968 2427 semoveri:

76 2467 164 2546 quod
188 2488 293 2546 quum
316 2468 426 2544 sentit,
448 2467 531 2529 illud
560 2489 629 2529 una
651 2469 761 2543 sentit,
784 2468 874 2529 sevi
897 2488 969 2544 sua,

77 2589 142 2630 non
166 2568 276 2630 aliena
298 2570 431 2647 mdveri,
454 2591 515 2632 nec
538 2569 684 2632 accidere
708 2589 814 2651 posse,
837 2575 876 2633 ut
897 2570 968 2652 ipse

76 2691 226 2752 unquam
242 2693 262 2732 a
277 2693 312 2732 se
327 2671 503 2759 deseratur.
549 2673 600 2735 Ex
617 2693 683 2754 quo
705 2671 845 2735 efficitur
867 2679 968 2738 aeter·

77 2775 310 2852 nitas;-nisi
340 2776 420 2856 quid
450 2778 552 2840 habes
589 2778 633 2839 ad
663 2778 753 2840 haec.
813 2778 853 2841 A.
891 2778 967 2863 Ego

77 2897 151 2940 vcro
174 2878 270 2941 facile
292 2899 367 2941 sum
392 2900 518 2962 passus,
541 2902 582 2943 ne
604 2882 639 2943 in
663 2888 807 2944 mentem
830 2883 969 2964 quidem

78 2981 157 3043 milri
172 2980 299 3061 aliquid
314 2988 428 3044 contra
444 2984 571 3063 venire;
592 2984 641 3046 ita
655 2985 711 3047 isti
726 2984 823 3047 faveo
839 2992 967 3050 senten·

10 3129 11 3134 η
78 3084 152 3145 tiae.

122 3187 250 3250 XXIV.
294 3187 347 3253 56.
373 3188 422 3254 M.
450 3189 567 3267 Quid?
590 3191 646 3253 illa
661 3191 797 3253 tandem
820 3211 902 3254 num
923 3191 967 3255 le·

79 3288 166 3352 viora
195 3312 319 3369 censes,
342 3313 428 3373 quae
458 3293 626 3356 declarant
653 3295 761 3358 inesse
788 3295 822 3357 in
847 3295 966 3358 animis
1036 3285 1039 3290 ⁵

80 3391 251 3456 hominum
281 3395 395 3458 divina
424 3395 614 3477 quaedam?
644 3419 730 3478 quae
753 3399 781 3460 si
804 3416 966 3458 cernerem

82 3497 363 3576 quemadmodum
392 3500 485 3561 nasci
507 3506 652 3581 possent,
675 3501 786 3577 etiam,
809 3495 967 3578 quemad·
