2420 4102
211 289 256 356 26
378 308 641 352 ruscuurrrrnuu
668 305 940 350 ursrurrrronun

260 477 352 542 XXI.
377 477 543 555 Quamvis
559 476 692 559 copiose
707 465 789 540 haee
804 475 998 552 diceremus,
1014 473 1043 536 si
1059 493 1116 536 rus

214 582 404 667 postularet,
440 601 543 662 quam
574 579 689 657 multa,
719 599 821 660 quam
850 577 950 654 varia,
980 583 1116 657 quanta

215 685 406 770 spectacula
435 683 568 746 animus
599 683 633 744 in
662 681 745 744 locis
786 679 984 743 caelestibus
1021 691 1113 742 esset

215 791 396 853 habiturus.
449 787 501 850 48.
538 786 638 862 Quae
667 785 801 866 quidem
825 785 987 868 cogitans,
1018 785 1115 847 soleo

216 915 314 976 saepe
337 893 446 954 mirari
469 889 702 954 nonnullorum
725 888 936 952 insolentiam
966 888 1114 970 philoso-

215 997 366 1078 phorum,
388 994 445 1074 qui
475 999 612 1066 naturae
639 993 864 1076 cognitionem
894 991 1113 1069 admirantur,

216 1097 353 1178 ejusque
368 1096 530 1158 inventori
549 1101 583 1158 et
605 1096 744 1180 principi
758 1095 881 1178 gratias
904 1093 1113 1156 exsultantes

217 1204 332 1281 agunt,
361 1218 504 1279 eumque
533 1203 730 1260 venerantur
757 1202 797 1260 ut
820 1196 931 1260 deum.
977 1195 1115 1258 Libera-

216 1308 268 1366 tus
284 1304 372 1364 enirn
389 1324 425 1364 se
441 1323 589 1385 pereum
605 1302 721 1364 dieunt
736 1302 938 1386 gravissimis
952 1300 1113 1378 dominis,

216 1412 334 1470 terrore
350 1407 558 1489 sempiterno,
574 1412 608 1467 et
622 1404 739 1467 diurno
762 1425 802 1466 ue
824 1409 984 1466 nocturno
1007 1296 1173 1486 metuiv

221 1509 300 1587 Quo
318 1508 459 1573 terrore?
482 1530 549 1590 quo
572 1505 688 1570 metui
737 1505 836 1583 Quae
859 1513 910 1570 est
931 1528 1017 1569 anus
1039 1513 1113 1570 tam

217 1614 327 1691 delira,
350 1634 436 1693 quae
458 1614 578 1674 timeat
606 1613 681 1688 ista,
704 1631 790 1692 quae
814 1631 873 1672 vos
895 1609 1061 1689 videlieet,
1084 1611 1113 1671 si

218 1715 355 1796 physica
378 1735 443 1776 non
467 1713 675 1791 didicissetis,
696 1712 879 1802 timeretis?
909 1714 1114 1782 Acherunsia

218 1818 334 1896 templu
349 1818 416 1880 altu
438 1816 525 1895 Orci,
540 1862 548 1879 .
563 1861 572 1879 .
588 1861 596 1878 .
611 1863 619 1880 .
629 1817 758 1896 pallide
779 1818 844 1894 leri,
864 1817 1014 1880 obnubitur
1027 1824 1113 1879 tene·

218 1922 284 1984 bris
300 1923 379 1984 locu.
425 1921 501 1984 Non
518 1921 623 2005 pudet
636 1922 871 2004 philosophum
893 1921 928 1983 in
951 1942 991 1984 eo
1015 1920 1111 2004 glori·
1208 1927 1209 1982 l

219 2025 275 2102 ari,
297 2025 386 2105 quod
410 2025 580 2090 beennon
609 2027 729 2088 timeat
750 2031 784 2088 et
810 2025 901 2106 quod
923 2023 1007 2088 falsa
1039 2045 1113 2088 esse
1207 1999 1209 2040 ¹

219 2126 434 2210 cognoverit?
480 2128 510 2195 E
526 2149 592 2210 quo
603 2128 748 2212 intelligi
770 2133 889 2211 potest,
904 2147 1005 2209 quam
1022 2128 1114 2190 acuti

219 2238 339 2294 natura
354 2231 429 2309 sint,
451 2233 611 2314 quoniam
638 2233 719 2296 haec
744 2232 815 2296 sine
839 2231 989 2294 doctriua
1012 2231 1114 2292 credi·

219 2335 285 2398 turi
314 2333 462 2398 fuerunt!
520 2335 572 2401 49.
605 2325 812 2402 Praeelarum
849 2339 962 2398 autern
999 2335 1114 2398 neseio

220 2441 299 2522 quid
330 2440 443 2524 adepti
473 2445 560 2516 sunt,
589 2437 680 2520 quod
709 2438 903 2516 didieerunt,
932 2458 977 2515 se,
1006 2459 1116 2518 quum

219 2551 353 2627 tempus
382 2545 497 2606 mortis
533 2543 686 2619 venisset,
722 2547 812 2606 totos
841 2561 914 2604 esse
932 2530 1117 2623 perituros,

142 2635 144 2638 ⁵
225 2646 327 2721 Quod
344 2653 382 2708 ut
397 2648 444 2708 ita
460 2648 512 2722 sit,
530 2637 628 2729 (nihil
643 2646 732 2714 enirn
748 2641 892 2728 pugnossl
910 2643 992 2725 quid
1014 2643 1117 2707 habet

221 2749 288 2810 ista
302 2768 353 2810 res
379 2753 439 2810 aut
463 2746 618 2811 laetabile
641 2756 701 2812 aut
723 2747 926 2833 gloriosum?
972 2747 1044 2810 Nee
1064 2753 1117 2810 ta·

222 2870 300 2912 rnen
315 2848 397 2912 mihi
412 2870 493 2912 sane
508 2849 692 2932 quidquam
709 2853 858 2930 occurrit,
880 2872 938 2916 cur
959 2872 1026 2915 non
1051 2850 1116 2933 Py·
1201 2861 1208 2880 ‘

222 2952 380 3036 thagorae
410 2953 454 3016 sit
483 2959 517 3016 et
546 2953 695 3020 Platonis
730 2975 805 3020 vera
835 2955 1008 3020 sententia.
1066 2953 1117 3016 Ut

223 3055 310 3116 enirn
327 3056 488 3120 rationem
506 3057 602 3120 Plato
625 3057 750 3124 nullam
764 3057 902 3136 afferret,
920 3057 1018 3142 (vide,
1034 3057 1119 3138 quid

224 3158 351 3221 homini
365 3160 508 3223 tribuam
519 3161 540 3245 ;)
563 3161 638 3244 ipsa
653 3163 850 3225 auctoritate
866 3181 919 3224 me
934 3161 1119 3242 frangeret3

224 3267 275 3324 tot
290 3267 402 3326 autern
426 3264 569 3329 rationes
592 3265 713 3343 attulit,
739 3271 778 3328 ut
802 3263 884 3327 velle
907 3263 1031 3340 ceteris,
1054 3263 1118 3327 sibi

223 3371 309 3430 certe
324 3366 525 3449 persuasisse
540 3367 699 3435 videatur.
860 3340 883 3367 Χ
1201 3431 1209 3446 ,,

268 3468 381 3533 XXIL
423 3469 476 3531 50.
501 3470 568 3533 Sed
583 3471 717 3560 plurimi
731 3476 845 3534 eontra
865 3468 1024 3548 nituntur,
1047 3468 1119 3532 ani·
