<?xml version="1.0" encoding="UTF-8"?>
<!DOCTYPE html PUBLIC "-//W3C//DTD XHTML 1.0 Transitional//EN"
    "http://www.w3.org/TR/xhtml1/DTD/xhtml1-transitional.dtd">
<html xmlns="http://www.w3.org/1999/xhtml" xml:lang="en" lang="en">
 <head>
  <title>
</title>
<meta http-equiv="Content-Type" content="text/html;charset=utf-8" />
  <meta name='ocr-system' content='tesseract 3.04.00' />
  <meta name='ocr-capabilities' content='ocr_page ocr_carea ocr_par ocr_line ocrx_word'/>
</head>
<body>
  <div class='ocr_page' id='page_1' title='image "./cicerostusculan01chasgoog_0121.png"; bbox 0 0 2450 4096; ppageno 0'>
   <div class='ocr_carea' id='block_1_1' title="bbox 185 301 785 386">
    <p class='ocr_par' dir='ltr' id='par_1_1' title="bbox 185 301 785 386">
     <span class='ocr_line' id='line_1_1' title="bbox 185 301 785 386; baseline -0.005 -14"><span class='ocrx_word' id='word_1_1' title='bbox 185 301 188 306; x_wconf 71' lang='grc'><strong>’</strong></span> <span class='ocrx_word' id='word_1_2' title='bbox 220 307 264 372; x_wconf 85' lang='grc'>90</span> <span class='ocrx_word' id='word_1_3' title='bbox 558 327 643 370; x_wconf 75' lang='lat' dir='ltr'>orno</span> <span class='ocrx_word' id='word_1_4' title='bbox 667 323 785 386; x_wconf 72' lang='lat' dir='ltr'>nuos,</span> 
     </span>
    </p>
   </div>
   <div class='ocr_carea' id='block_1_2' title="bbox 222 493 1221 789">
    <p class='ocr_par' dir='ltr' id='par_1_2' title="bbox 222 493 1221 789">
     <span class='ocr_line' id='line_1_2' title="bbox 222 493 1221 580; baseline -0.002 -22"><span class='ocrx_word' id='word_1_5' title='bbox 222 496 299 558; x_wconf 90' lang='lat' dir='ltr'>cani</span> <span class='ocrx_word' id='word_1_6' title='bbox 315 501 441 580; x_wconf 80' lang='lat' dir='ltr'>patrem</span> <span class='ocrx_word' id='word_1_7' title='bbox 457 501 517 560; x_wconf 89' lang='lat' dir='ltr'>aut</span> <span class='ocrx_word' id='word_1_8' title='bbox 536 501 702 580; x_wconf 87' lang='lat' dir='ltr'>patruum,</span> <span class='ocrx_word' id='word_1_9' title='bbox 724 499 785 559; x_wconf 89' lang='lat' dir='ltr'>aut</span> <span class='ocrx_word' id='word_1_10' title='bbox 807 493 931 558; x_wconf 86' lang='lat' dir='ltr'>multos</span> <span class='ocrx_word' id='word_1_11' title='bbox 953 501 1129 577; x_wconf 88' lang='lat' dir='ltr'>praestan·</span> <span class='ocrx_word' id='word_1_12' title='bbox 1220 531 1221 556; x_wconf 63' lang='lat' dir='ltr'>r</span> 
     </span>
     <span class='ocr_line' id='line_1_3' title="bbox 224 601 1221 690; baseline 0 -28"><span class='ocrx_word' id='word_1_13' title='bbox 224 605 274 662; x_wconf 84' lang='lat' dir='ltr'>tes</span> <span class='ocrx_word' id='word_1_14' title='bbox 289 601 386 678; x_wconf 88' lang='lat' dir='ltr'>viros,</span> <span class='ocrx_word' id='word_1_15' title='bbox 400 620 485 682; x_wconf 83' lang='lat' dir='ltr'>quos</span> <span class='ocrx_word' id='word_1_16' title='bbox 508 619 699 662; x_wconf 88' lang='lat' dir='ltr'>enumerare</span> <span class='ocrx_word' id='word_1_17' title='bbox 717 619 784 662; x_wconf 94' lang='lat' dir='ltr'>non</span> <span class='ocrx_word' id='word_1_18' title='bbox 800 605 852 662; x_wconf 84' lang='lat' dir='ltr'>est</span> <span class='ocrx_word' id='word_1_19' title='bbox 866 619 1010 678; x_wconf 88' lang='lat' dir='ltr'>necesse,</span> <span class='ocrx_word' id='word_1_20' title='bbox 1025 605 1129 662; x_wconf 86' lang='lat' dir='ltr'>tanta</span> <span class='ocrx_word' id='word_1_21' title='bbox 1220 609 1221 690; x_wconf 71' lang='lat'><em>}</em></span> 
     </span>
     <span class='ocr_line' id='line_1_4' title="bbox 223 696 1221 789; baseline -0.004 -20"><span class='ocrx_word' id='word_1_22' title='bbox 223 727 296 769; x_wconf 88' lang='lat' dir='ltr'>esse</span> <span class='ocrx_word' id='word_1_23' title='bbox 312 712 460 784; x_wconf 87' lang='lat' dir='ltr'>conatos,</span> <span class='ocrx_word' id='word_1_24' title='bbox 471 726 558 788; x_wconf 88' lang='lat' dir='ltr'>quae</span> <span class='ocrx_word' id='word_1_25' title='bbox 571 705 614 767; x_wconf 88' lang='lat' dir='ltr'>ad</span> <span class='ocrx_word' id='word_1_26' title='bbox 629 696 832 789; x_wconf 70' lang='lat' dir='ltr'>posteiitatis</span> <span class='ocrx_word' id='word_1_27' title='bbox 844 704 1040 766; x_wconf 85' lang='lat' dir='ltr'>memoriam</span> <span class='ocrx_word' id='word_1_28' title='bbox 1053 723 1123 788; x_wconf 78' lang='lat' dir='ltr'>per·</span> <span class='ocrx_word' id='word_1_29' title='bbox 1220 701 1221 724; x_wconf 28' lang='lat' dir='ltr'>l</span> 
     </span>
    </p>
   </div>
   <div class='ocr_carea' id='block_1_3' title="bbox 223 806 1221 892">
    <p class='ocr_par' dir='ltr' id='par_1_3' title="bbox 223 806 1221 892">
     <span class='ocr_line' id='line_1_5' title="bbox 223 806 1221 892; baseline -0.005 -18"><span class='ocrx_word' id='word_1_30' title='bbox 223 812 375 889; x_wconf 88' lang='lat' dir='ltr'>tinerent,</span> <span class='ocrx_word' id='word_1_31' title='bbox 397 811 462 874; x_wconf 86' lang='lat' dir='ltr'>nisi</span> <span class='ocrx_word' id='word_1_32' title='bbox 483 811 597 873; x_wconf 88' lang='lat' dir='ltr'>animo</span> <span class='ocrx_word' id='word_1_33' title='bbox 620 813 796 887; x_wconf 86' lang='lat' dir='ltr'>cernerent,</span> <span class='ocrx_word' id='word_1_34' title='bbox 827 806 1053 892; x_wconf 77' lang='lat' dir='ltr'><strong>posteritatem</strong></span> <span class='ocrx_word' id='word_1_35' title='bbox 1078 808 1127 870; x_wconf 90' lang='lat' dir='ltr'>ad</span> <span class='ocrx_word' id='word_1_36' title='bbox 1220 819 1221 828; x_wconf 76' lang='grc'>’</span> 
     </span>
    </p>
   </div>
   <div class='ocr_carea' id='block_1_4' title="bbox 225 912 1126 1104">
    <p class='ocr_par' dir='ltr' id='par_1_4' title="bbox 225 901 1221 1104">
     <span class='ocr_line' id='line_1_6' title="bbox 225 912 1126 1000; baseline -0.007 -23"><span class='ocrx_word' id='word_1_37' title='bbox 225 915 455 998; x_wconf 84' lang='lat' dir='ltr'>sepertinere.</span> <span class='ocrx_word' id='word_1_38' title='bbox 502 915 556 977; x_wconf 89' lang='lat' dir='ltr'>An</span> <span class='ocrx_word' id='word_1_39' title='bbox 579 933 694 977; x_wconf 84' lang='lat' dir='ltr'>censes</span> <span class='ocrx_word' id='word_1_40' title='bbox 712 913 820 1000; x_wconf 85' lang='lat' dir='ltr'>(atde</span> <span class='ocrx_word' id='word_1_41' title='bbox 835 933 890 975; x_wconf 88' lang='lat' dir='ltr'>me</span> <span class='ocrx_word' id='word_1_42' title='bbox 905 913 978 996; x_wconf 90' lang='lat' dir='ltr'>ipso</span> <span class='ocrx_word' id='word_1_43' title='bbox 994 912 1126 995; x_wconf 86' lang='lat' dir='ltr'>aliquid</span> 
     </span>
     <span class='ocr_line' id='line_1_7' title="bbox 225 1017 1125 1104; baseline -0.005 -24"><span class='ocrx_word' id='word_1_44' title='bbox 225 1039 316 1080; x_wconf 92' lang='lat' dir='ltr'>more</span> <span class='ocrx_word' id='word_1_45' title='bbox 338 1037 455 1080; x_wconf 83' lang='lat' dir='ltr'>senum</span> <span class='ocrx_word' id='word_1_46' title='bbox 479 1017 608 1104; x_wconf 86' lang='lat' dir='ltr'>glorier)</span> <span class='ocrx_word' id='word_1_47' title='bbox 633 1037 688 1081; x_wconf 91' lang='lat' dir='ltr'>me</span> <span class='ocrx_word' id='word_1_48' title='bbox 710 1025 823 1082; x_wconf 87' lang='lat' dir='ltr'>tantos</span> <span class='ocrx_word' id='word_1_49' title='bbox 837 1017 966 1081; x_wconf 89' lang='lat' dir='ltr'>labores</span> <span class='ocrx_word' id='word_1_50' title='bbox 984 1017 1125 1079; x_wconf 87' lang='lat' dir='ltr'>diurnos</span> 
     </span>
    </p>
   </div>
   <div class='ocr_carea' id='block_1_5' title="bbox 225 1121 1221 1206">
    <p class='ocr_par' dir='ltr' id='par_1_5' title="bbox 225 1121 1221 1206">
     <span class='ocr_line' id='line_1_8' title="bbox 225 1121 1221 1206; baseline 0.002 -22"><span class='ocrx_word' id='word_1_51' title='bbox 225 1126 474 1203; x_wconf 90' lang='lat' dir='ltr'>nocturnosque</span> <span class='ocrx_word' id='word_1_52' title='bbox 490 1121 583 1186; x_wconf 92' lang='lat' dir='ltr'>domi</span> <span class='ocrx_word' id='word_1_53' title='bbox 604 1123 808 1206; x_wconf 86' lang='lat' dir='ltr'>militiaeque</span> <span class='ocrx_word' id='word_1_54' title='bbox 824 1128 1056 1206; x_wconf 82' lang='lat' dir='ltr'>suscepturum</span> <span class='ocrx_word' id='word_1_55' title='bbox 1071 1123 1124 1184; x_wconf 89' lang='lat' dir='ltr'>fu·</span> <span class='ocrx_word' id='word_1_56' title='bbox 1220 1183 1221 1186; x_wconf 74' lang='grc'>,</span> 
     </span>
    </p>
   </div>
   <div class='ocr_carea' id='block_1_6' title="bbox 223 1224 1221 1734">
    <p class='ocr_par' dir='ltr' id='par_1_6' title="bbox 223 1224 1221 1734">
     <span class='ocr_line' id='line_1_9' title="bbox 224 1224 1125 1311; baseline 0.002 -25"><span class='ocrx_word' id='word_1_57' title='bbox 224 1225 302 1306; x_wconf 74' lang='lat' dir='ltr'>isse,</span> <span class='ocrx_word' id='word_1_58' title='bbox 325 1225 354 1287; x_wconf 92' lang='lat' dir='ltr'>si</span> <span class='ocrx_word' id='word_1_59' title='bbox 376 1225 496 1288; x_wconf 88' lang='lat' dir='ltr'>iisdem</span> <span class='ocrx_word' id='word_1_60' title='bbox 526 1224 648 1290; x_wconf 91' lang='lat' dir='ltr'>finibus</span> <span class='ocrx_word' id='word_1_61' title='bbox 679 1226 819 1311; x_wconf 83' lang='lat' dir='ltr'>gloriam</span> <span class='ocrx_word' id='word_1_62' title='bbox 848 1244 969 1303; x_wconf 90' lang='lat' dir='ltr'>meam,</span> <span class='ocrx_word' id='word_1_63' title='bbox 999 1226 1125 1307; x_wconf 89' lang='lat' dir='ltr'>quibus</span> 
     </span>
     <span class='ocr_line' id='line_1_10' title="bbox 225 1328 1125 1408; baseline 0.002 -18"><span class='ocrx_word' id='word_1_64' title='bbox 225 1330 340 1408; x_wconf 89' lang='lat' dir='ltr'>vitam,</span> <span class='ocrx_word' id='word_1_65' title='bbox 380 1351 486 1392; x_wconf 90' lang='lat' dir='ltr'>essem</span> <span class='ocrx_word' id='word_1_66' title='bbox 526 1329 785 1394; x_wconf 72' lang='lat' dir='ltr'>terminaturus?</span> <span class='ocrx_word' id='word_1_67' title='bbox 847 1330 967 1392; x_wconf 85' lang='lat' dir='ltr'>Nonne</span> <span class='ocrx_word' id='word_1_68' title='bbox 1002 1328 1125 1392; x_wconf 87' lang='lat' dir='ltr'>melius</span> 
     </span>
     <span class='ocr_line' id='line_1_11' title="bbox 226 1433 1126 1516; baseline -0.003 -18"><span class='ocrx_word' id='word_1_69' title='bbox 226 1433 333 1498; x_wconf 91' lang='lat' dir='ltr'>multo</span> <span class='ocrx_word' id='word_1_70' title='bbox 349 1435 475 1514; x_wconf 86' lang='lat' dir='ltr'>fuisset,</span> <span class='ocrx_word' id='word_1_71' title='bbox 491 1436 634 1498; x_wconf 88' lang='lat' dir='ltr'>otiosam</span> <span class='ocrx_word' id='word_1_72' title='bbox 657 1441 814 1512; x_wconf 87' lang='lat' dir='ltr'>aetatem,</span> <span class='ocrx_word' id='word_1_73' title='bbox 828 1440 863 1496; x_wconf 90' lang='lat' dir='ltr'>et</span> <span class='ocrx_word' id='word_1_74' title='bbox 877 1435 1035 1516; x_wconf 89' lang='lat' dir='ltr'>quietam,</span> <span class='ocrx_word' id='word_1_75' title='bbox 1051 1433 1126 1496; x_wconf 91' lang='lat' dir='ltr'>sine</span> 
     </span>
     <span class='ocr_line' id='line_1_12' title="bbox 226 1537 1126 1619; baseline -0.002 -17"><span class='ocrx_word' id='word_1_76' title='bbox 226 1540 295 1602; x_wconf 92' lang='lat' dir='ltr'>ullo</span> <span class='ocrx_word' id='word_1_77' title='bbox 317 1540 428 1602; x_wconf 89' lang='lat' dir='ltr'>labore</span> <span class='ocrx_word' id='word_1_78' title='bbox 451 1546 485 1603; x_wconf 87' lang='lat' dir='ltr'>et</span> <span class='ocrx_word' id='word_1_79' title='bbox 504 1540 717 1602; x_wconf 83' lang='lat' dir='ltr'>contentione</span> <span class='ocrx_word' id='word_1_80' title='bbox 732 1537 925 1601; x_wconf 74' lang='lat' dir='ltr'>traducere?</span> <span class='ocrx_word' id='word_1_81' title='bbox 972 1537 1052 1619; x_wconf 82' lang='lat' dir='ltr'>Sed,</span> <span class='ocrx_word' id='word_1_82' title='bbox 1068 1559 1126 1600; x_wconf 89' lang='lat' dir='ltr'>ne·</span> 
     </span>
     <span class='ocr_line' id='line_1_13' title="bbox 223 1644 1221 1734; baseline 0.002 -28"><span class='ocrx_word' id='word_1_83' title='bbox 223 1645 295 1734; x_wconf 30' lang='lat' dir='ltr'>&#39;scio</span> <span class='ocrx_word' id='word_1_84' title='bbox 319 1644 498 1726; x_wconf 90' lang='lat' dir='ltr'>quomodo,</span> <span class='ocrx_word' id='word_1_85' title='bbox 529 1646 662 1707; x_wconf 88' lang='lat' dir='ltr'>animus</span> <span class='ocrx_word' id='word_1_86' title='bbox 685 1645 813 1729; x_wconf 86' lang='lat' dir='ltr'>erigens</span> <span class='ocrx_word' id='word_1_87' title='bbox 836 1665 872 1708; x_wconf 87' lang='lat' dir='ltr'>se</span> <span class='ocrx_word' id='word_1_88' title='bbox 894 1645 1126 1728; x_wconf 86' lang='lat' dir='ltr'>posteritatem</span> <span class='ocrx_word' id='word_1_89' title='bbox 1220 1655 1221 1708; x_wconf 79' lang='lat' dir='ltr'>l</span> 
     </span>
    </p>
   </div>
   <div class='ocr_carea' id='block_1_7' title="bbox 225 1748 1221 1830">
    <p class='ocr_par' dir='ltr' id='par_1_7' title="bbox 225 1748 1221 1830">
     <span class='ocr_line' id='line_1_14' title="bbox 225 1748 1221 1830; baseline 0.003 -20"><span class='ocrx_word' id='word_1_90' title='bbox 225 1748 276 1810; x_wconf 90' lang='lat' dir='ltr'>ita</span> <span class='ocrx_word' id='word_1_91' title='bbox 291 1768 419 1830; x_wconf 90' lang='lat' dir='ltr'>semper</span> <span class='ocrx_word' id='word_1_92' title='bbox 433 1748 664 1830; x_wconf 79' lang='lat' dir='ltr'>prospiciebat,</span> <span class='ocrx_word' id='word_1_93' title='bbox 679 1749 786 1830; x_wconf 89' lang='lat' dir='ltr'>quasi,</span> <span class='ocrx_word' id='word_1_94' title='bbox 808 1769 913 1830; x_wconf 91' lang='lat' dir='ltr'>quum</span> <span class='ocrx_word' id='word_1_95' title='bbox 930 1751 1127 1813; x_wconf 85' lang='lat' dir='ltr'>excessisset</span> <span class='ocrx_word' id='word_1_96' title='bbox 1220 1787 1221 1796; x_wconf 26' lang='grc' dir='ltr'><strong>κ</strong></span> 
     </span>
    </p>
   </div>
   <div class='ocr_carea' id='block_1_8' title="bbox 199 1851 1128 2564">
    <p class='ocr_par' dir='ltr' id='par_1_8' title="bbox 199 1851 1128 2564">
     <span class='ocr_line' id='line_1_15' title="bbox 199 1851 1127 1936; baseline 0.002 -22"><span class='ocrx_word' id='word_1_97' title='bbox 199 1857 204 1866; x_wconf 84' lang='grc'>’</span> <span class='ocrx_word' id='word_1_98' title='bbox 226 1853 341 1932; x_wconf 88' lang='lat' dir='ltr'>evita,</span> <span class='ocrx_word' id='word_1_99' title='bbox 356 1858 430 1913; x_wconf 88' lang='lat' dir='ltr'>tum</span> <span class='ocrx_word' id='word_1_100' title='bbox 453 1851 597 1934; x_wconf 90' lang='lat' dir='ltr'>denique</span> <span class='ocrx_word' id='word_1_101' title='bbox 613 1853 760 1916; x_wconf 83' lang='lat' dir='ltr'>victurus</span> <span class='ocrx_word' id='word_1_102' title='bbox 782 1859 878 1916; x_wconf 86' lang='lat' dir='ltr'>esset</span> <span class='ocrx_word' id='word_1_103' title='bbox 927 1852 1029 1930; x_wconf 74' lang='lat' dir='ltr'>Quod</span> <span class='ocrx_word' id='word_1_104' title='bbox 1053 1854 1127 1936; x_wconf 89' lang='lat' dir='ltr'>qui·</span> 
     </span>
     <span class='ocr_line' id='line_1_16' title="bbox 227 1955 1127 2035; baseline 0.004 -18"><span class='ocrx_word' id='word_1_105' title='bbox 227 1955 304 2018; x_wconf 89' lang='lat' dir='ltr'>dem</span> <span class='ocrx_word' id='word_1_106' title='bbox 326 1956 362 2017; x_wconf 91' lang='lat' dir='ltr'>ni</span> <span class='ocrx_word' id='word_1_107' title='bbox 383 1957 432 2018; x_wconf 86' lang='lat' dir='ltr'>ita</span> <span class='ocrx_word' id='word_1_108' title='bbox 454 1977 490 2018; x_wconf 92' lang='lat' dir='ltr'>se</span> <span class='ocrx_word' id='word_1_109' title='bbox 513 1956 656 2035; x_wconf 87' lang='lat' dir='ltr'>haberet,</span> <span class='ocrx_word' id='word_1_110' title='bbox 670 1961 710 2019; x_wconf 92' lang='lat' dir='ltr'>ut</span> <span class='ocrx_word' id='word_1_111' title='bbox 726 1957 831 2020; x_wconf 90' lang='lat' dir='ltr'>animi</span> <span class='ocrx_word' id='word_1_112' title='bbox 851 1957 1055 2020; x_wconf 86' lang='lat' dir='ltr'>immortales</span> <span class='ocrx_word' id='word_1_113' title='bbox 1076 1979 1127 2021; x_wconf 87' lang='lat' dir='ltr'>es-</span> 
     </span>
     <span class='ocr_line' id='line_1_17' title="bbox 227 2059 1128 2144; baseline 0.004 -23"><span class='ocrx_word' id='word_1_114' title='bbox 227 2065 310 2136; x_wconf 90' lang='lat' dir='ltr'>sent,</span> <span class='ocrx_word' id='word_1_115' title='bbox 326 2059 416 2122; x_wconf 89' lang='lat' dir='ltr'>haud</span> <span class='ocrx_word' id='word_1_116' title='bbox 438 2061 557 2143; x_wconf 89' lang='lat' dir='ltr'>optimi</span> <span class='ocrx_word' id='word_1_117' title='bbox 580 2060 742 2144; x_wconf 85' lang='lat' dir='ltr'>cujusque</span> <span class='ocrx_word' id='word_1_118' title='bbox 763 2061 896 2124; x_wconf 85' lang='lat' dir='ltr'>animus</span> <span class='ocrx_word' id='word_1_119' title='bbox 912 2063 1058 2123; x_wconf 84' lang='lat' dir='ltr'>maxime</span> <span class='ocrx_word' id='word_1_120' title='bbox 1080 2062 1128 2125; x_wconf 87' lang='lat' dir='ltr'>ad</span> 
     </span>
     <span class='ocr_line' id='line_1_18' title="bbox 225 2162 1128 2248; baseline 0.006 -24"><span class='ocrx_word' id='word_1_121' title='bbox 225 2162 512 2226; x_wconf 87' lang='lat' dir='ltr'>immortalitatem</span> <span class='ocrx_word' id='word_1_122' title='bbox 534 2164 658 2248; x_wconf 88' lang='lat' dir='ltr'>gloriae</span> <span class='ocrx_word' id='word_1_123' title='bbox 680 2166 845 2228; x_wconf 85' lang='lat' dir='ltr'>niteretur.</span> <span class='ocrx_word' id='word_1_124' title='bbox 893 2165 1011 2242; x_wconf 74' lang='lat' dir='ltr'>Quid?</span> <span class='ocrx_word' id='word_1_125' title='bbox 1034 2166 1128 2248; x_wconf 90' lang='lat' dir='ltr'>quod</span> 
     </span>
     <span class='ocr_line' id='line_1_19' title="bbox 218 2267 1128 2352; baseline 0.002 -22"><span class='ocrx_word' id='word_1_126' title='bbox 218 2267 494 2351; x_wconf 79' lang='lat' dir='ltr'>¹sapientissimus</span> <span class='ocrx_word' id='word_1_127' title='bbox 516 2269 657 2350; x_wconf 88' lang='lat' dir='ltr'>quisque</span> <span class='ocrx_word' id='word_1_128' title='bbox 680 2270 882 2352; x_wconf 84' lang='lat' dir='ltr'>aequissimo</span> <span class='ocrx_word' id='word_1_129' title='bbox 899 2269 1012 2332; x_wconf 91' lang='lat' dir='ltr'>animo</span> <span class='ocrx_word' id='word_1_130' title='bbox 1028 2271 1128 2333; x_wconf 86' lang='lat' dir='ltr'>mori·</span> 
     </span>
     <span class='ocr_line' id='line_1_20' title="bbox 225 2365 1128 2455; baseline 0.003 -21"><span class='ocrx_word' id='word_1_131' title='bbox 225 2377 289 2450; x_wconf 88' lang='lat' dir='ltr'>tur,</span> <span class='ocrx_word' id='word_1_132' title='bbox 305 2365 521 2436; x_wconf 85' lang='lat' dir='ltr'>stultissimus</span> <span class='ocrx_word' id='word_1_133' title='bbox 543 2373 763 2455; x_wconf 86' lang='lat' dir='ltr'>iniquissimo,</span> <span class='ocrx_word' id='word_1_134' title='bbox 787 2389 897 2436; x_wconf 84' lang='lat' dir='ltr'>nonne</span> <span class='ocrx_word' id='word_1_135' title='bbox 919 2375 1014 2436; x_wconf 85' lang='lat' dir='ltr'>vobis</span> <span class='ocrx_word' id='word_1_136' title='bbox 1037 2374 1128 2437; x_wconf 76' lang='lat' dir='ltr'>vide-</span> 
     </span>
     <span class='ocr_line' id='line_1_21' title="bbox 225 2477 1127 2564; baseline 0.002 -24"><span class='ocrx_word' id='word_1_137' title='bbox 225 2483 280 2540; x_wconf 84' lang='lat' dir='ltr'>tur</span> <span class='ocrx_word' id='word_1_138' title='bbox 295 2479 429 2542; x_wconf 87' lang='lat' dir='ltr'>animus</span> <span class='ocrx_word' id='word_1_139' title='bbox 450 2479 489 2557; x_wconf 91' lang='lat' dir='ltr'>is,</span> <span class='ocrx_word' id='word_1_140' title='bbox 503 2479 564 2561; x_wconf 89' lang='lat' dir='ltr'>qui</span> <span class='ocrx_word' id='word_1_141' title='bbox 585 2479 661 2562; x_wconf 93' lang='lat' dir='ltr'>plus</span> <span class='ocrx_word' id='word_1_142' title='bbox 676 2485 789 2542; x_wconf 87' lang='lat' dir='ltr'>cernat</span> <span class='ocrx_word' id='word_1_143' title='bbox 808 2485 843 2542; x_wconf 90' lang='lat' dir='ltr'>et</span> <span class='ocrx_word' id='word_1_144' title='bbox 856 2480 999 2564; x_wconf 86' lang='lat' dir='ltr'>longius,</span> <span class='ocrx_word' id='word_1_145' title='bbox 1015 2477 1127 2542; x_wconf 89' lang='lat' dir='ltr'>videre</span> 
     </span>
    </p>
   </div>
   <div class='ocr_carea' id='block_1_9' title="bbox 226 2581 1221 2668">
    <p class='ocr_par' dir='ltr' id='par_1_9' title="bbox 226 2581 1221 2668">
     <span class='ocr_line' id='line_1_22' title="bbox 226 2581 1221 2668; baseline 0.005 -24"><span class='ocrx_word' id='word_1_146' title='bbox 226 2603 262 2644; x_wconf 87' lang='lat' dir='ltr'>se</span> <span class='ocrx_word' id='word_1_147' title='bbox 278 2582 321 2644; x_wconf 91' lang='lat' dir='ltr'>ad</span> <span class='ocrx_word' id='word_1_148' title='bbox 338 2583 473 2646; x_wconf 88' lang='lat' dir='ltr'>meliora</span> <span class='ocrx_word' id='word_1_149' title='bbox 496 2581 675 2667; x_wconf 85' lang='lat' dir='ltr'>proficisci:</span> <span class='ocrx_word' id='word_1_150' title='bbox 697 2583 752 2646; x_wconf 91' lang='lat' dir='ltr'>ille</span> <span class='ocrx_word' id='word_1_151' title='bbox 768 2589 892 2662; x_wconf 86' lang='lat' dir='ltr'>autem,</span> <span class='ocrx_word' id='word_1_152' title='bbox 914 2585 1009 2668; x_wconf 88' lang='lat' dir='ltr'>cujus</span> <span class='ocrx_word' id='word_1_153' title='bbox 1032 2587 1128 2648; x_wconf 89' lang='lat' dir='ltr'>obtu-</span> <span class='ocrx_word' id='word_1_154' title='bbox 1220 2581 1221 2596; x_wconf 54' lang='lat'>¹</span> 
     </span>
    </p>
   </div>
   <div class='ocr_carea' id='block_1_10' title="bbox 194 2683 1221 3292">
    <p class='ocr_par' dir='ltr' id='par_1_10' title="bbox 194 2683 1221 3292">
     <span class='ocr_line' id='line_1_23' title="bbox 194 2683 1128 2770; baseline 0.003 -22"><span class='ocrx_word' id='word_1_155' title='bbox 194 2725 195 2728; x_wconf 60' lang='lat'><em>=</em></span> <span class='ocrx_word' id='word_1_156' title='bbox 226 2686 293 2748; x_wconf 87' lang='lat' dir='ltr'>sior</span> <span class='ocrx_word' id='word_1_157' title='bbox 307 2686 352 2747; x_wconf 85' lang='lat' dir='ltr'>sit</span> <span class='ocrx_word' id='word_1_158' title='bbox 366 2687 466 2766; x_wconf 85' lang='lat' dir='ltr'>acies,</span> <span class='ocrx_word' id='word_1_159' title='bbox 481 2705 547 2748; x_wconf 92' lang='lat' dir='ltr'>non</span> <span class='ocrx_word' id='word_1_160' title='bbox 565 2685 698 2750; x_wconf 74' lang='lat' dir='ltr'>videre?</span> <span class='ocrx_word' id='word_1_161' title='bbox 744 2683 913 2770; x_wconf 84' lang='lat' dir='ltr'>Equidem</span> <span class='ocrx_word' id='word_1_162' title='bbox 929 2687 1043 2751; x_wconf 82' lang='lat' dir='ltr'>efferor</span> <span class='ocrx_word' id='word_1_163' title='bbox 1059 2695 1128 2752; x_wconf 89' lang='lat' dir='ltr'>stu-</span> 
     </span>
     <span class='ocr_line' id='line_1_24' title="bbox 226 2788 1221 2882; baseline 0.007 -32"><span class='ocrx_word' id='word_1_164' title='bbox 226 2788 283 2851; x_wconf 92' lang='lat' dir='ltr'>dio</span> <span class='ocrx_word' id='word_1_165' title='bbox 306 2795 415 2872; x_wconf 89' lang='lat' dir='ltr'>patres</span> <span class='ocrx_word' id='word_1_166' title='bbox 437 2795 572 2868; x_wconf 85' lang='lat' dir='ltr'>vestros,</span> <span class='ocrx_word' id='word_1_167' title='bbox 587 2811 672 2872; x_wconf 87' lang='lat' dir='ltr'>quos</span> <span class='ocrx_word' id='word_1_168' title='bbox 694 2792 784 2856; x_wconf 84' lang='lat' dir='ltr'>colui</span> <span class='ocrx_word' id='word_1_169' title='bbox 796 2801 833 2856; x_wconf 87' lang='lat' dir='ltr'>et</span> <span class='ocrx_word' id='word_1_170' title='bbox 847 2793 956 2872; x_wconf 89' lang='lat' dir='ltr'>dilexi,</span> <span class='ocrx_word' id='word_1_171' title='bbox 972 2794 1127 2857; x_wconf 83' lang='lat' dir='ltr'>videndi:</span> <span class='ocrx_word' id='word_1_172' title='bbox 1220 2875 1221 2882; x_wconf 8' lang='grc' dir='ltr'>ἵ</span> 
     </span>
     <span class='ocr_line' id='line_1_25' title="bbox 227 2885 1221 2981; baseline 0.007 -27"><span class='ocrx_word' id='word_1_173' title='bbox 227 2903 427 2973; x_wconf 82' lang='lat' dir='ltr'>neqnevero</span> <span class='ocrx_word' id='word_1_174' title='bbox 443 2913 500 2956; x_wconf 90' lang='lat' dir='ltr'>eos</span> <span class='ocrx_word' id='word_1_175' title='bbox 516 2893 626 2958; x_wconf 86' lang='lat' dir='ltr'>solum</span> <span class='ocrx_word' id='word_1_176' title='bbox 647 2898 821 2960; x_wconf 88' lang='lat' dir='ltr'>convenire</span> <span class='ocrx_word' id='word_1_177' title='bbox 844 2917 938 2976; x_wconf 86' lang='lat' dir='ltr'>aveo,</span> <span class='ocrx_word' id='word_1_178' title='bbox 953 2909 1038 2979; x_wconf 90' lang='lat' dir='ltr'>quos</span> <span class='ocrx_word' id='word_1_179' title='bbox 1052 2900 1127 2981; x_wconf 88' lang='lat' dir='ltr'>ipse</span> <span class='ocrx_word' id='word_1_180' title='bbox 1220 2885 1221 2910; x_wconf 65' lang='lat'><em>³</em></span> 
     </span>
     <span class='ocr_line' id='line_1_26' title="bbox 227 2997 1126 3086; baseline 0.008 -30"><span class='ocrx_word' id='word_1_181' title='bbox 227 2997 379 3080; x_wconf 86' lang='lat' dir='ltr'>cognovi,</span> <span class='ocrx_word' id='word_1_182' title='bbox 395 2998 453 3060; x_wconf 90' lang='lat' dir='ltr'>sed</span> <span class='ocrx_word' id='word_1_183' title='bbox 464 2997 538 3061; x_wconf 90' lang='lat' dir='ltr'>illos</span> <span class='ocrx_word' id='word_1_184' title='bbox 549 3000 662 3078; x_wconf 85' lang='lat' dir='ltr'>etiam,</span> <span class='ocrx_word' id='word_1_185' title='bbox 674 3001 716 3062; x_wconf 85' lang='lat' dir='ltr'>de</span> <span class='ocrx_word' id='word_1_186' title='bbox 730 3003 852 3083; x_wconf 86' lang='lat' dir='ltr'>quibus</span> <span class='ocrx_word' id='word_1_187' title='bbox 864 3002 989 3079; x_wconf 89' lang='lat' dir='ltr'>audivi,</span> <span class='ocrx_word' id='word_1_188' title='bbox 1001 3007 1035 3064; x_wconf 92' lang='lat' dir='ltr'>et</span> <span class='ocrx_word' id='word_1_189' title='bbox 1048 3001 1126 3086; x_wconf 88' lang='lat' dir='ltr'>legi,</span> 
     </span>
     <span class='ocr_line' id='line_1_27' title="bbox 227 3101 1126 3188; baseline 0.007 -27"><span class='ocrx_word' id='word_1_190' title='bbox 227 3101 347 3185; x_wconf 88' lang='lat' dir='ltr'>etipse</span> <span class='ocrx_word' id='word_1_191' title='bbox 363 3105 551 3187; x_wconf 86' lang='lat' dir='ltr'>conscripsi.</span> <span class='ocrx_word' id='word_1_192' title='bbox 598 3103 679 3181; x_wconf 80' lang='lat' dir='ltr'>Quo</span> <span class='ocrx_word' id='word_1_193' title='bbox 696 3103 832 3188; x_wconf 88' lang='lat' dir='ltr'>quidem</span> <span class='ocrx_word' id='word_1_194' title='bbox 848 3123 902 3168; x_wconf 89' lang='lat' dir='ltr'>me</span> <span class='ocrx_word' id='word_1_195' title='bbox 918 3103 1126 3188; x_wconf 86' lang='lat' dir='ltr'>proficiscen-</span> 
     </span>
     <span class='ocr_line' id='line_1_28' title="bbox 227 3206 1127 3292; baseline 0.003 -24"><span class='ocrx_word' id='word_1_196' title='bbox 227 3211 296 3268; x_wconf 80' lang='lat' dir='ltr'>tem</span> <span class='ocrx_word' id='word_1_197' title='bbox 311 3206 402 3269; x_wconf 88' lang='lat' dir='ltr'>haud</span> <span class='ocrx_word' id='word_1_198' title='bbox 418 3229 498 3270; x_wconf 89' lang='lat' dir='ltr'>sane</span> <span class='ocrx_word' id='word_1_199' title='bbox 514 3209 589 3291; x_wconf 87' lang='lat' dir='ltr'>quis</span> <span class='ocrx_word' id='word_1_200' title='bbox 605 3210 701 3272; x_wconf 84' lang='lat' dir='ltr'>facile</span> <span class='ocrx_word' id='word_1_201' title='bbox 716 3211 892 3289; x_wconf 84' lang='lat' dir='ltr'>retraxerit,</span> <span class='ocrx_word' id='word_1_202' title='bbox 909 3213 1018 3292; x_wconf 84' lang='lat' dir='ltr'>n&#39;eque</span> <span class='ocrx_word' id='word_1_203' title='bbox 1039 3215 1127 3272; x_wconf 87' lang='lat' dir='ltr'>tam·</span> 
     </span>
    </p>
   </div>
   <div class='ocr_carea' id='block_1_11' title="bbox 129 3310 1127 3396">
    <p class='ocr_par' dir='ltr' id='par_1_11' title="bbox 129 3310 1127 3396">
     <span class='ocr_line' id='line_1_29' title="bbox 129 3310 1127 3396; baseline 0.004 -26"><span class='ocrx_word' id='word_1_204' title='bbox 129 3353 132 3360; x_wconf 70' lang='grc'>.</span> <span class='ocrx_word' id='word_1_205' title='bbox 228 3323 330 3391; x_wconf 86' lang='lat' dir='ltr'>quam</span> <span class='ocrx_word' id='word_1_206' title='bbox 348 3310 475 3374; x_wconf 89' lang='lat' dir='ltr'>Peliam</span> <span class='ocrx_word' id='word_1_207' title='bbox 489 3314 655 3376; x_wconf 82' lang='lat' dir='ltr'>recurrerit</span> <span class='ocrx_word' id='word_1_208' title='bbox 701 3310 807 3390; x_wconf 79' lang='lat' dir='ltr'>Quod</span> <span class='ocrx_word' id='word_1_209' title='bbox 819 3315 847 3376; x_wconf 85' lang='lat' dir='ltr'>si</span> <span class='ocrx_word' id='word_1_210' title='bbox 862 3314 938 3396; x_wconf 83' lang='lat' dir='ltr'>quis</span> <span class='ocrx_word' id='word_1_211' title='bbox 949 3313 1032 3375; x_wconf 89' lang='lat' dir='ltr'>deus</span> <span class='ocrx_word' id='word_1_212' title='bbox 1042 3311 1127 3375; x_wconf 88' lang='lat' dir='ltr'>milri</span> 
     </span>
    </p>
   </div>
   <div class='ocr_carea' id='block_1_12' title="bbox 227 3413 1127 3602">
    <p class='ocr_par' dir='ltr' id='par_1_12' title="bbox 227 3413 1127 3602">
     <span class='ocr_line' id='line_1_30' title="bbox 227 3413 1127 3502; baseline 0 -24"><span class='ocrx_word' id='word_1_213' title='bbox 227 3413 393 3498; x_wconf 84' lang='lat' dir='ltr'>largiatur,</span> <span class='ocrx_word' id='word_1_214' title='bbox 409 3420 448 3479; x_wconf 90' lang='lat' dir='ltr'>ut</span> <span class='ocrx_word' id='word_1_215' title='bbox 462 3437 502 3478; x_wconf 89' lang='lat' dir='ltr'>ex</span> <span class='ocrx_word' id='word_1_216' title='bbox 518 3417 581 3480; x_wconf 88' lang='lat' dir='ltr'>hac</span> <span class='ocrx_word' id='word_1_217' title='bbox 596 3423 706 3480; x_wconf 86' lang='lat' dir='ltr'>aetate</span> <span class='ocrx_word' id='word_1_218' title='bbox 721 3435 953 3502; x_wconf 84' lang='lat' dir='ltr'>repuerascam</span> <span class='ocrx_word' id='word_1_219' title='bbox 970 3417 1053 3480; x_wconf 87' lang='lat' dir='ltr'>etin</span> <span class='ocrx_word' id='word_1_220' title='bbox 1069 3434 1127 3479; x_wconf 87' lang='lat' dir='ltr'>cu·</span> 
     </span>
     <span class='ocr_line' id='line_1_31' title="bbox 228 3517 1126 3602; baseline 0.006 -23"><span class='ocrx_word' id='word_1_221' title='bbox 228 3517 280 3580; x_wconf 89' lang='lat' dir='ltr'>nis</span> <span class='ocrx_word' id='word_1_222' title='bbox 301 3519 446 3602; x_wconf 87' lang='lat' dir='ltr'>vagiam,</span> <span class='ocrx_word' id='word_1_223' title='bbox 476 3521 572 3584; x_wconf 89' lang='lat' dir='ltr'>valde</span> <span class='ocrx_word' id='word_1_224' title='bbox 600 3541 759 3585; x_wconf 91' lang='lat' dir='ltr'>recusem.</span> <span class='ocrx_word' id='word_1_225' title='bbox 805 3518 877 3586; x_wconf 85' lang='lat' dir='ltr'>Nee</span> <span class='ocrx_word' id='word_1_226' title='bbox 905 3537 982 3584; x_wconf 84' lang='lat' dir='ltr'>vero</span> <span class='ocrx_word' id='word_1_227' title='bbox 1012 3521 1126 3601; x_wconf 81' lang='lat' dir='ltr'>velim,</span> 
     </span>
    </p>
   </div>
   <div class='ocr_carea' id='block_1_13' title="bbox 0 0 1235 4096">
    <p class='ocr_par' dir='ltr' id='par_1_13' title="bbox 0 0 1235 4096">
     <span class='ocr_line' id='line_1_32' title="bbox 0 0 1235 4096; baseline 0 0"><span class='ocrx_word' id='word_1_228' title='bbox 0 0 1235 4096; x_wconf 95' lang='lat' dir='ltr'> </span> 
     </span>
    </p>
   </div>
  </div>
 </body>
</html>
