2450 4096
395 332 549 375 sommum
573 331 747 376 sc1r1ou1s.
974 313 1015 376 71

116 502 222 580 generi
243 501 408 560 enuntiavit
450 501 535 558 Hanc
559 499 687 584 ¹fabulam
715 499 815 559 Cicero
833 500 900 559 licet
919 503 956 559 ab
974 502 1017 558 in·

116 601 221 673 doctis,
242 601 323 675 quasi
342 601 404 674 ipse
423 599 486 656 veri
506 601 640 668 conscius,
669 583 762 657 doleat
781 600 901 670 irrisam,
922 619 1017 658 exem·

118 699 204 774 plum
217 706 313 755 tamen
329 697 446 754 stolidae
460 697 686 771 reprehensionis
699 698 800 767 vitans,
815 698 934 756 excitari
952 717 1017 755 nar·

119 805 261 867 ratumm,
275 814 362 870 quam
375 795 555 865 reviviscere,
568 795 676 851 maluit
684 827 726 838 —
735 793 814 852 Idem
827 794 938 852 ididem.

163 991 211 1050 Ac
237 992 315 1068 prius
342 1010 428 1067 quam
448 971 553 1048 somnii
568 992 658 1048 verba
683 990 868 1061 consulamus,
895 991 1018 1048 enodem

121 1090 194 1146 dum
225 1091 306 1147 nobis
333 1098 384 1161 est,
410 1108 429 1148 a
455 1108 511 1164 quo
538 1107 643 1164 genere
662 1086 808 1145 hominum
827 1087 938 1145 Tullius
957 1106 1018 1145 me·

120 1194 216 1244 moret
235 1187 283 1244 vel
301 1187 414 1244 irrisam
434 1186 563 1243 Platonis
583 1185 716 1255 fabulam,
735 1185 791 1254 vel,
810 1202 847 1241 ne
865 1183 919 1242 sibi
940 1185 1017 1242 idem

122 1284 246 1354 eveniat,
264 1300 320 1340 non
341 1283 443 1340 vereri.
482 1283 547 1340 Nec
568 1283 644 1340 enim
666 1281 711 1338 his
733 1281 827 1338 verbis
848 1281 912 1337 vult
928 1280 1017 1354 impe-

122 1380 210 1436 ritum
224 1379 326 1454 vulgus
339 1378 465 1453 intelligi,
479 1379 529 1436 sed
542 1397 631 1453 genus
645 1378 792 1435 hominum
805 1377 868 1432 veri
886 1377 1017 1451 ignarum

122 1477 178 1534 sub
198 1475 317 1550 peritiae
336 1475 536 1532 ostentatione:
556 1475 663 1549 quippe
682 1491 752 1547 quos
772 1479 801 1528 et
819 1472 920 1545 legisse
940 1471 1017 1542 talia,

122 1581 154 1630 et
181 1573 217 1628 ad
237 1572 500 1647 reprehendendum
520 1572 658 1628 animatos
679 1575 826 1626 constaret.
881 1567 1017 1625 Dicemus

121 1669 210 1744 igitur
223 1676 252 1725 et
265 1687 335 1742 quos
355 1668 385 1724 in
405 1676 514 1726 tantum
534 1666 731 1742 philosophum
751 1664 856 1722 referat
875 1665 1017 1738 quandam

122 1783 261 1823 censurae
287 1765 449 1822 exercuisse
481 1765 635 1834 levitatem,
668 1762 768 1836 quisve
801 1779 898 1818 eorum
931 1762 1017 1818 etiam

122 1862 258 1936 scriptam
286 1861 434 1934 reliquerit
460 1861 681 1926 accusationem
709 1867 757 1914 etc.
810 1857 1017 1932 Epicureorum

122 1968 183 2016 tota
201 1959 294 2031 factio,
320 1977 411 2034 aequo
431 1977 543 2032 semper
563 1976 658 2015 errore
678 1975 697 2013 a
715 1974 785 2013 vero
807 1955 899 2026 devia,
920 1963 949 2012 et
967 1955 1018 2010 illa

122 2055 291 2113 existimans
311 2055 429 2112 ridenda
449 2074 523 2129 quae
550 2054 664 2124 nesciat,
684 2071 796 2110 sacrum
822 2052 955 2109 volumen
989 2059 1018 2108 et

122 2151 322 2226 augustissima
341 2151 430 2210 irrisit
448 2160 566 2208 naturae
585 2151 668 2207 seria.
716 2147 827 2207 Colotes
847 2167 924 2219 vero,
944 2149 1018 2205 inter

123 2247 245 2322 Epicuri
279 2247 421 2304 auditores
447 2246 580 2303 famosior
605 2253 635 2302 et
659 2245 830 2318 loquacitate
860 2243 1017 2314 notabilior,

123 2344 211 2400 etiam
224 2343 254 2398 in
268 2343 369 2399 librum
383 2342 479 2398 retulit
489 2360 562 2414 quae
576 2341 679 2397 dehoc
693 2339 817 2396 amarius
828 2338 1016 2412 reprehendit.

125 2438 185 2498 Sed
198 2448 300 2509 cetera,
314 2457 388 2513 quae
401 2437 506 2512 injuria
519 2438 635 2506 notavit,
655 2436 793 2509 siquidem
814 2434 851 2490 ad
870 2434 1016 2502 somnium,

123 2536 160 2592 de
174 2554 232 2609 quo
244 2536 291 2592 hic
303 2536 429 2609 procedit
445 2553 546 2605 sermo,
559 2553 616 2592 non
636 2534 763 2603 attinent,
781 2533 836 2588 hoc
855 2532 916 2587 loco
936 2532 1016 2588 nobis

123 2631 279 2688 omittenda
298 2639 379 2688 sunt:
402 2633 480 2688 illam
501 2632 671 2688 calumniam
697 2646 908 2704 persequemur,
935 2645 1017 2701 quae,

123 2727 178 2783 nisi
198 2727 389 2802 supplodatur,
408 2728 534 2784 manebit
555 2726 685 2785 Ciceroni
705 2744 768 2783 cum
796 2725 916 2782 Platone
943 2743 1018 2782 com-

123 2823 226 2880 munis.
266 2823 326 2894 Ait,
340 2842 358 2880 a
371 2824 537 2898 philosopho
556 2823 681 2880 fabulam
701 2841 758 2880 non
777 2822 933 2897 oportuisse
954 2842 1018 2880 con-

123 2921 209 2994 fingi:
236 2920 370 2994 quoniam
389 2920 499 2978 nullum
518 2920 645 2994 figmenti
664 2937 762 2994 genus*
773 2920 835 2978 veri
854 2920 1017 2995 professori·

123 3018 177 3074 bus
191 3016 361 3074 conveniret
403 3014 463 3074 Cur
475 3016 559 3085 enim,
572 3016 672 3090 inquit,
692 3017 716 3072 si
735 3033 831 3072 rerum
855 3016 1017 3080 caelestium

122 3112 276 3183 notionem,
302 3109 327 3168 si
353 3111 480 3168 habitum
506 3131 557 3169 nos
584 3113 742 3168 animarum
769 3110 869 3168 docere
896 3112 1016 3181 voluisti,

123 3228 181 3266 non
201 3208 321 3283 simplici
342 3216 371 3265 et
390 3208 518 3266 absoluta
536 3209 591 3264 hoc
610 3208 798 3264 insinuatione
817 3215 946 3264 curatum
966 3215 1017 3275 est,

124 3305 175 3362 sed
194 3304 324 3378 quaesita
343 3323 464 3379 persona
493 3321 631 3376 casusque
661 3304 821 3376 excogitata
850 3303 968 3370 novitas,
989 3309 1017 3358 et

124 3401 280 3475 composita
305 3401 435 3458 advocati
461 3419 547 3458 scena
577 3399 713 3473 figmenti,
739 3399 829 3472 ipsam
863 3398 1018 3471 quaerendi

124 3497 187 3555 veri
216 3496 337 3572 januam
362 3497 509 3554 mendacio
535 3493 715 3572 polluerunt?
768 3494 851 3552 Haec
877 3494 1018 3568 quoniam,
