2420 4102
198 310 257 374 viii
568 331 728 374 raasson.

198 499 279 556 these
298 517 349 556 are
369 499 417 557 the
437 499 519 557 fruits
539 499 573 557 of
590 498 714 558 Cicero’s
728 501 817 575 ripest
834 519 936 577 years3
957 503 1013 559 aud
1034 502 1094 562 that

198 596 347 670 delightful
367 597 489 671 episode,
503 615 534 653 as
549 598 657 654 wellas
672 598 708 653 its
722 599 903 672 companious
917 599 947 655 in
960 600 1016 656 this
1034 602 1094 658 vol-

198 711 273 762 ume,
286 694 310 750 is
324 695 372 750 the
386 695 505 768 product
526 693 559 750 of
574 713 592 752 a
612 695 691 750 mind
711 694 846 751 enriched
866 696 967 771 hythe
987 697 1093 772 largest

198 791 307 847 culture
321 791 377 847 and
391 792 473 848 made
488 793 555 848 wise
568 793 608 867 by
621 810 639 848 a
652 791 751 848 varied
766 793 944 865 experience.

237 887 274 943 In
287 889 335 943 the
349 889 530 963 preparation
544 888 577 944 of
593 889 648 944 this
662 887 750 957 work,
763 889 812 944 the
827 889 917 944 editor
927 889 979 946 has
990 891 1092 966 sought

198 991 227 1040 to
237 985 313 1039 avail
326 984 443 1040 himself
452 985 484 1040 of
494 985 541 1040 the
551 985 614 1040 best
627 983 728 1041 results
739 984 771 1042 of
780 985 897 1041 modern
908 987 1091 1062 scholarship.

197 1079 261 1138 The
278 1088 341 1138 text
360 1080 393 1137 of
407 1081 455 1138 the
475 1079 548 1137 book
568 1079 602 1136 of
616 1081 664 1138 the
685 1079 829 1138 Tusculan
852 1081 1047 1156 Disputations
1067 1085 1091 1141 is

197 1176 320 1234 founded
338 1178 441 1254 chiefly
455 1197 530 1252 upon
544 1180 592 1236 the
606 1179 761 1235 admirable
775 1178 895 1236 editions
917 1178 950 1235 of
966 1179 1091 1236 Moser*

197 1275 254 1330 and
275 1273 443 1343 Kiihner;†
464 1276 515 1331 but
535 1277 615 1332 those
628 1275 661 1332 of
677 1273 797 1345 Orelli,‡
819 1275 951 1343 Nobbe‚§
972 1276 1029 1332 and
1043 1276 1092 1332 Ti·

196 1370 299 1440 scherll
332 1372 404 1427 have
429 1371 501 1427 been
527 1370 687 1446 compared,
712 1388 749 1427 on
775 1389 865 1444 every
885 1389 1013 1446 passage,
1034 1373 1092 1429 and

195 1533 235 1582 vel
246 1535 474 1594 dictaeveterihus,
493 1534 532 1582 vel
551 1535 641 1598 scripta
660 1536 691 1583 ab
709 1535 818 1594 ethnicis,
839 1536 911 1583 etiarn
932 1536 1021 1598 poetis,
1038 1543 1091 1584 tam

195 1625 268 1674 caste,
280 1625 329 1662 tam
341 1624 431 1672 sancte,
444 1624 494 1662 tam
506 1616 631 1674 divinitus,
643 1623 670 1663 ut
685 1617 746 1663 mihi
763 1631 812 1664 non
829 1617 921 1678 possim
937 1617 1090 1678 persuadere,

195 1695 255 1757 quin
276 1703 360 1756 pectus
382 1693 406 1742 il'
418 1711 488 1753 rrum,
504 1709 581 1756 quum
599 1696 641 1742 illa
662 1697 801 1756 scriberent,
817 1711 910 1744 numen
930 1697 1030 1759 aliquod
1048 1697 1089 1745 bo·

195 1787 255 1822 uum
277 1775 413 1836 agitaverit
456 1776 489 1822 Et
507 1776 608 1823 fortasse
630 1775 703 1824 letius
724 1777 850 1825 refundit
868 1778 966 1838 spirit-us
989 1776 1089 1836 Christi,

195 1869 269 1918 quam
282 1870 326 1904 uos
338 1856 534 1918 interpretamur.
566 1857 600 1904 Et
611 1857 681 1904 multi
698 1867 754 1906 suut
766 1859 790 1905 in
802 1859 925 1906 consortio
940 1866 1089 1916 sanctornm,

195 1938 238 2000 qui
260 1951 309 1984 nou
332 1944 389 1984 sunt
407 1938 472 1998 apud
490 1951 534 1984 nos
552 1937 578 1984 in
596 1939 716 2000 catalogo.
759 1939 850 1986 Fateor
870 1939 985 1987 affectum
1005 1953 1088 1986 meum

195 2018 261 2080 apud
273 2018 380 2064 amicos:
396 2031 446 2065 non
457 2033 558 2080 possum
569 2017 650 2080 legere
662 2020 751 2066 librum
770 2019 894 2067 Ciceronis
906 2020 936 2066 de
950 2019 1088 2078 Senectute,

194 2100 226 2148 de
241 2098 368 2155 Amicitia,
379 2099 409 2146 de
422 2098 520 2158 Officiis,
538 2100 568 2148 dc
588 2099 734 2148 Tusculanis
753 2099 953 2160 Quaestiouibus,
969 2100 1029 2161 quin
1046 2099 1088 2146 ali·

195 2180 290 2242 quoties
311 2179 439 2226 exosculer
460 2180 579 2237 codicem,
600 2195 629 2228 ac
650 2195 750 2228 venerer
770 2189 883 2228 sanctum
905 2180 967 2227 illud
994 2187 1087 2241 pectus,

195 2261 304 2308 afflatum
323 2259 421 2308 caelesti
438 2261 546 2308 numine.
580 2261 679 2320 Contra,
696 2277 772 2324 quum
789 2261 834 2308 hos
851 2261 971 2324 quosdam
988 2260 1088 2308 recenti·

194 2355 248 2390 ores
270 2340 325 2402 lego
342 2341 373 2389 dc
391 2356 416 2389 re
438 2341 544 2403 publica,
565 2342 715 2400 oeconomia,
737 2351 780 2388 aut
802 2342 882 2389 ethica
904 2340 1087 2402 praecipientes,

194 2421 277 2470 Deum
299 2423 477 2470 immortalem!
503 2437 577 2485 quam
594 2423 683 2482 frigent
698 2437 756 2484 prae
773 2423 828 2482 illis,
846 2422 922 2490 immo
941 2435 1014 2482 quam
1037 2435 1088 2468 non

193 2503 306 2552 videntur
317 2504 406 2551 sentire
417 2504 483 2565 quod
495 2503 618 2551 scribunt!
638 2513 664 2550 ut
675 2518 721 2565 ego
738 2503 809 2551 citius
823 2503 902 2564 patiar
918 2502 996 2563 perire
1008 2509 1087 2551 totum

195 2584 306 2642 Scotum,
318 2601 374 2632 cum
387 2585 481 2647 aliquot
491 2585 528 2632 sui
541 2585 666 2642 similibus,
679 2599 753 2646 quam
773 2585 847 2631 libros
864 2583 936 2630 unius
955 2581 1085 2642 Ciceronis,

193 2672 237 2712 aut
254 2666 395 2718 Plutarchi:
412 2679 461 2712 non
478 2666 544 2727 quod
560 2667 615 2713 illos
627 2666 653 2711 in
665 2673 743 2712 toturn
756 2666 880 2723 damnem,
893 2664 936 2711 sed
947 2664 1012 2724 quod
1034 2661 1085 2727 [ab]

193 2744 231 2792 his
241 2747 343 2793 sentiam
362 2762 396 2793 me
411 2745 477 2792 reddi
492 2744 609 2803 meliorem,
621 2761 698 2808 quum
709 2761 741 2794 ex
753 2746 850 2792 illorum
864 2745 967 2791 lectione
978 2758 1086 2804 surgam,

193 2827 275 2876 nescio
287 2827 418 2889 quomodo,
428 2827 540 2889 frigidius
557 2829 657 2876 affectus
674 2842 733 2889 erga
749 2841 832 2874 veram
848 2826 971 2882 virtutem,
982 2826 1024 2872 sed
1036 2824 1086 2872 irri-

193 2909 267 2957 tatior
278 2909 308 2954 ad
320 2906 521 2954 contentionem.”
557 2906 653 2970 Colloqq.
664 2904 766 2966 Fumat,
782 2903 874 2954 Carsais.
884 2901 960 2966 Relip.
1032 2915 1034 2919 ·

223 2988 242 3026 ¹*
258 2989 381 3047 Hanover,
395 2993 462 3036 1836,
493 2989 581 3037 3vols.

224 3069 237 3124 l
254 3070 324 3128 Jeua,
338 3074 404 3118 1846.
436 3071 520 3118 Editio
532 3071 611 3119 tertia.

224 3155 236 3211 1
254 3151 427 3208 Zurich,1829.

224 3235 235 3291 f
255 3232 359 3293 Leipsic,
372 3237 439 3280 1828.

224 3315 234 3370 ΙΙ
251 3313 356 3374 Leipsic,
368 3317 436 3360 1850.
470 3312 525 3360 The
536 3313 621 3361 textis
632 3312 706 3360 based
726 3326 791 3374 upon
806 3311 857 3360 that
873 3310 901 3359 of
916 3310 990 3358 Klotz
1003 3310 1083 3372 (Leip-

192 3393 234 3452 sic,
247 3398 306 3441 1833
318 3394 366 3440 and
380 3393 451 3453 1843)
470 3394 518 3440 and
536 3394 564 3441 of
578 3394 689 3455 Tregder
705 3392 891 3454 (copenhagen,
905 3393 986 3452 1841).
1018 3390 1082 3438 Pub·

192 3473 270 3522 lished
287 3475 311 3521 in
329 3475 415 3535 Haupt
430 3475 478 3521 and
496 3473 614 3535 Sauppe’s
631 3471 764 3535 Summlaaq
779 3471 934 3520 Griechtsclter
944 3470 993 3520 aad
1004 3469 1082 3519 Iani·

192 3553 280 3602 mischar
290 3553 451 3618 Schnflstallar
461 3554 501 3602 mit
512 3551 639 3602 Deatschea
650 3553 832 3613 Austerltunpcu.
