2450 4096
340 320 446 362 LIBER
468 320 491 361 1.
536 320 608 362 CAP·
630 321 715 364 mr.
737 323 835 366 XLIII.
994 304 1039 368 55

115 509 268 553 versura
276 508 410 568 possem
425 487 615 552 dissolvere.
663 489 695 550 Ο
710 490 818 552 virum
845 489 967 574 Sparta
988 493 1036 556 di·

116 579 253 678 gnum!
277 598 318 654 ut
333 592 417 653 milri
433 591 581 672 quidem,
596 592 656 673 qui
681 599 752 655 tam
774 615 899 678 magno
923 597 1035 660 animo

115 699 237 775 fuerit,
260 698 425 758 innocens
447 695 630 758 damnatus
653 717 725 759 esse
756 698 914 760 videatur.
959 699 1035 765 101.

120 802 232 865 Tales
257 799 520 862 innumerabiles
549 807 664 862 nostra
692 803 811 864 civitas
832 803 919 864 tulit.
967 802 1034 866 Sed

119 906 207 988 quid
226 905 332 968 duces
348 910 383 966 et
397 905 563 987 principes
576 905 756 982 nominem,
768 927 873 986 quum
886 907 1034 990 legiones

119 1010 253 1072 scribat
285 1009 374 1070 Cato
398 1027 500 1090 saepe
522 1007 647 1069 alacres
669 1009 705 1070 in
728 1029 807 1070 eum
828 1008 941 1072 locum
963 1032 1035 1093 pro·

117 1115 244 1190 fectae,
260 1111 352 1174 unde
366 1110 530 1172 redituras
545 1130 581 1172 se
593 1131 659 1172 non
673 1112 924 1175 arbitrarentur?
971 1114 1033 1176 Pa·

116 1221 149 1282 ri
173 1219 294 1281 animo
312 1216 576 1304 Lacedaemonii
596 1216 633 1278 in
652 1215 883 1302 Thermopylis
905 1218 1032 1282 occide·

117 1328 213 1401 runt,
228 1323 264 1384 in
281 1342 367 1402 quos
386 1319 594 1383 Simonides:

238 1443 302 1505 Die,
314 1443 410 1512 haspas,
424 1441 542 1510 Spartae,
554 1441 686 1494 nuere
697 1441 920 1510 aidr'ssejacentes,

267 1531 341 1583 Dum
352 1529 447 1582 sanctu
453 1530 558 1598 paviae
569 1529 664 1598 epau
676 1528 841 1597 abseprimur.

123 1639 224 1717 Quid
250 1637 305 1700 ille
329 1637 398 1698 dux
422 1635 591 1699 leonidas
616 1633 721 1697 dicit?
765 1634 900 1720 Pergile
924 1635 1031 1700 auimo

116 1745 213 1826 forti,
232 1741 507 1815 Lacedaemouii;
528 1739 624 1802 lodie
639 1739 728 1818 aprrd
744 1740 867 1821 inferos
882 1743 1029 1822 futurae

120 1848 344 1912 eaeuobimus.
391 1844 474 1906 Fuit
484 1845 567 1906 haec
578 1865 660 1928 gens
671 1844 774 1922 fortis,
785 1844 866 1906 dum
884 1845 1030 1930 Lycurgi

118 1951 214 2036 leges
226 1951 397 2034 vigebant„
443 1947 474 2010 E
486 1948 609 2030 quibus
619 1968 717 2025 unua,
730 1968 836 2029 quum
849 1947 962 2010 Perses
972 1948 1028 2011 ho-

120 2058 183 2120 stis
199 2056 235 2118 in
254 2053 423 2133 colloquio
439 2052 578 2114 dixisset
593 2050 746 2134 glorians,
767 2049 873 2114 Solem
882 2073 966 2132 prae
971 2056 1028 2138 ja·

119 2162 270 2224 culorum
279 2155 482 2220 multitudiue
495 2162 527 2218 et
536 2156 730 2238 sagittarum
738 2157 1029 2222 conciliabitis:-

118 2263 162 2328 Iu
171 2263 291 2326 umbra
303 2261 417 2343 igilur,
429 2260 548 2340 inquit,
558 2260 787 2342 pugnabimus.
831 2260 903 2324 102.
928 2261 1026 2324 Viros

119 2384 362 2431 commemoro.
418 2361 539 2440 Qualis
561 2363 698 2426 tandem
728 2361 908 2426 Lacaena?
939 2384 1026 2445 quae

121 2491 231 2552 quum
246 2467 357 2530 filiurn
372 2467 408 2528 iu
424 2465 584 2549 praelium
599 2466 752 2543 misisset,
767 2471 802 2527 et
815 2465 1025 2528 interfectum

121 2574 284 2649 audisset,
300 2569 436 2648 IdrireO,
452 2570 571 2650 inquit,
583 2587 772 2651 genueram,
795 2575 831 2632 ut
855 2575 945 2646 esset,
969 2570 1026 2648 qui

113 2698 179 2757 pro
189 2676 308 2755 putria
321 2680 421 2736 arorle
436 2693 502 2735 rou
516 2672 677 2736 dubitaret
691 2672 884 2734 occumbere.
1034 2741 1037 2748 ¹

167 2778 300 2844 XLIII.
325 2777 427 2839 Esto:
450 2777 551 2839 fortes
581 2782 616 2840 et
631 2775 704 2840 duri
728 2775 934 2860 Spartiatae3
957 2800 1025 2842 ma-

120 2904 227 2968 gnam
244 2883 346 2944 habet
360 2882 429 2942 vim
442 2881 488 2943 rei
504 2880 656 2963 publicae
672 2881 856 2966 discipIIna.
905 2883 1022 2961 Quid?

124 2987 337 3071 Cyrenaeum
357 2983 579 3061 Theodorum,
595 2984 828 3068 philosophum
847 3007 913 3050 non
928 2990 1022 3071 igno·

119 3090 236 3167 bilem,
252 3109 362 3150 nonne
387 3085 567 3150 miramur?
591 3089 646 3150 cui
669 3109 775 3169 quum
800 3088 1020 3172 LysImachus

119 3215 178 3256 rex
201 3211 334 3254 crucem
357 3192 546 3268 minaretur,
569 3190 654 3268 Istis,
673 3211 802 3272 quaeso,
818 3193 935 3274 inquit,
957 3195 1021 3257 isla

120 3296 294 3360 horribilia
328 3295 477 3358 minitare
502 3294 692 3372 purpuratis
721 3296 784 3358 tuis
797 3293 812 3357 l
863 3295 1021 3360 Theodori

121 3400 251 3480 quidem
265 3399 349 3479 uiiil
361 3399 502 3476 interest,
522 3398 648 3460 iumine
664 3417 707 3459 au
721 3399 853 3461 sublime
863 3404 1019 3478 putescat.

171 3502 277 3586 Cujus
300 3502 362 3566 hoc
385 3502 475 3564 dicto
498 3500 687 3578 admoneor,
709 3507 749 3565 ut
770 3489 895 3584 aliquid
916 3502 1017 3572 eiiam
