2450 4096
254 291 357 334 LIBER
379 293 400 333 1.
445 291 515 332 CAP.
539 291 674 334 xxxvn.
699 291 846 332 xxxvul.
954 271 998 334 49

93 463 397 545 Agamemnonem
419 457 501 524 nihil
522 460 693 537 interesse3
717 480 777 521 neo
793 458 894 542 pluris
910 481 998 522 nuno

90 567 207 628 faeere
240 565 286 627 Μ.
306 563 487 625 Camillum
518 565 580 625 hoo
609 563 704 625 oiviie
735 563 868 641 bellurn,
894 585 997 645 quam

90 689 173 754 ego,
189 668 245 730 iilo
261 668 346 745 vivo,
362 668 493 728 fecerim
511 665 656 730 Romam
672 673 816 749 captam.

145 772 215 834 Cur
244 772 345 856 igitur
360 777 394 832 et
426 771 587 833 Camillus
601 770 743 848 -doleret,
766 771 794 832 si
817 771 899 832 haec
922 776 999 853 post

91 881 262 939 trecentos
293 881 327 937 et
356 876 600 960 quinquaginta
622 875 686 936 fere
702 895 816 938 annos
839 881 998 938 eventura

92 978 256 1063 putaret?
280 985 314 1042 et
335 1001 399 1064 ego
420 980 563 1058 doleam,
586 979 615 1042 si
630 979 672 1042 ad
688 979 803 1042 decem
820 979 923 1042 millia
939 1002 996 1043 an·

92 1104 219 1146 norum
242 1089 376 1167 gentem
399 1071 547 1166 aliquam
570 1085 685 1144 urbem
708 1090 853 1146 nostram
874 1085 995 1167 potitu-

23 1213 30 1223 ·
90 1207 167 1253 ram
193 1185 333 1270 putem?
381 1186 473 1262 Quia
489 1193 584 1249 tanta
607 1188 726 1249 caritas
742 1188 867 1270 patriae
884 1194 943 1266 est,
957 1194 996 1251 ut

92 1312 175 1354 eam
198 1312 265 1354 non
288 1312 389 1354 sensu
412 1297 532 1369 nostro,
555 1290 614 1353 sed
630 1291 737 1355 salute
755 1292 860 1376 ipsius
877 1293 993 1355 metia-

94 1416 183 1458 mur.

142 1497 346 1562 XXXVIII.
392 1497 443 1560 91.
467 1497 584 1580 itaque
608 1519 674 1559 non
698 1497 837 1559 deterret
867 1497 994 1580 sapien·

91 1609 166 1666 tem
184 1623 280 1680 mors,
302 1623 389 1683 quae
412 1609 541 1686 propter
563 1603 703 1664 incertos
726 1585 824 1663 casus
845 1601 994 1682 quotidie

92 1708 260 1785 imminet,
284 1707 629 1790 propterbrevitatem
645 1707 734 1769 vitae
750 1727 922 1788 nunquam
939 1727 995 1790 po-

92 1816 163 1873 test
185 1809 283 1894 longe
307 1803 432 1888 abesse,
455 1831 522 1892 quo
546 1811 657 1873 minus
679 1812 713 1873 in
738 1832 836 1872 omne
859 1817 992 1894 tempus

92 1917 142 1978 rei
173 1916 326 1998 publicae
357 1917 491 1996 suisque
517 1913 678 1992 consulat,
705 1921 740 1977 et
765 1916 992 1998 posteritatem

92 2020 216 2103 ipsam,
238 2020 334 2102 eujus
364 2040 498 2081 sensum
523 2019 694 2081 habiturus
718 2040 784 2081 non
808 2020 860 2097 sit,
891 2020 934 2081 ad
957 2040 992 2081 se

92 2129 193 2208 putet
222 2125 393 2208 pertinere,
446 2122 559 2200 Quare
585 2123 663 2186 licet
688 2125 789 2186 etiarn
805 2123 991 2200 ‚mortalem

1 2279 2 2294 2
92 2249 168 2290 esse
198 2228 348 2289 animum
377 2227 584 2311 judicantem
617 2235 749 2290 aeterna
778 2229 894 2306 moliri,
925 2251 991 2291 non

92 2331 220 2416 gloriae
242 2331 435 2415 eupiditate,
458 2353 561 2413 quam
587 2353 742 2394 sensurus
766 2353 832 2394 non
856 2334 910 2412 sit,
934 2333 992 2394 sed

92 2437 237 2514 virtutiS,
259 2457 362 2518 quam
386 2439 569 2500 necessario
592 2437 705 2522 gloria,
721 2439 823 2500 etiam
846 2437 874 2499 si
895 2443 933 2499 tu
956 2437 992 2500 id

1 2579 2 2584 κ
92 2561 162 2602 non
194 2561 288 2624 agas,
319 2547 549 2621 consequatur.
612 2538 740 2603 Natura
769 2561 845 2601 vero
879 2561 913 2601 se
944 2541 991 2604 sio

92 2645 204 2722 habet,
220 2650 268 2722 ut,
284 2664 351 2725 quo
368 2645 468 2706 modo
483 2643 617 2707 initium
640 2645 736 2706 nobis
757 2664 865 2706 rerum
889 2644 992 2706 omni-

1 2803 2 2810 ,
92 2769 153 2810 um
178 2753 269 2810 ortus
293 2754 403 2810 noster
426 2746 550 2827 afferat,
573 2749 620 2810 sio
642 2749 768 2811 exitum
793 2768 890 2812 mors
945 2747 992 2812 Ut

93 2851 178 2914 nihil
202 2851 359 2934 pertinuit
374 2850 418 2912 ad
433 2872 494 2913 nos
511 2857 588 2913 ante
611 2857 730 2930 ortum,
753 2853 801 2914 sio
820 2851 899 2913 nihil
916 2857 992 2934 post

92 2960 235 3018 mortem
257 2947 442 3038 pertinebit.
503 2953 541 3016 In
572 2976 638 3036 quo
669 2955 750 3037 quid
780 2960 890 3037 potest
919 2975 991 3018 esse

92 3060 184 3136 mali,
200 3081 306 3140 quum
323 3080 410 3121 mors
427 3080 487 3121 neo
503 3058 547 3122 ad
569 3060 662 3122 vivos
678 3060 848 3142 pertineat,
864 3079 924 3120 neo
947 3058 991 3120 ad
1032 3109 1037 3133 ,

91 3162 264 3226 mortuos?
312 3163 416 3225 Alteri
428 3163 509 3225 nulli
522 3169 614 3239 sunt;
631 3163 749 3224 alteros
763 3182 828 3248 non
838 3163 989 3244 attinget.

138 3265 188 3327 92.
216 3265 331 3342 Quam
347 3267 405 3347 qui
421 3265 575 3328 leviorem
591 3267 727 3343 faciunt,
744 3266 853 3328 somni
869 3265 991 3326 similli-

1 3367 2 3380 ’
90 3390 184 3436 mam
208 3369 326 3431 volunt
347 3391 438 3432 esse:
461 3369 558 3451 quasi
572 3389 648 3429 vero
671 3370 848 3450 quisquam
870 3369 918 3429 ita
933 3388 989 3429 no-

91 3473 234 3558 naginta
256 3495 362 3537 anuos
384 3473 465 3537 velit
486 3473 603 3550 vivere,
618 3477 666 3551 ut,
688 3493 794 3554 quum
817 3471 990 3555 sexaginta
