2450 4096
358 289 459 332 urana
481 291 502 333 1.
547 293 616 334 car.
640 293 720 335 xxx.
742 294 837 338 xxxi.
997 271 1040 338 39

150 453 212 516 lini
227 454 330 516 dicati
345 456 420 531 sint,
435 457 493 517 sed
508 456 598 538 quod
613 460 711 520 abeo
726 459 964 521 divinationem
983 461 1039 522 ha·

150 558 226 617 bere
248 557 432 638 videantur,
453 579 522 638 qua
543 559 749 640 providentes
772 560 853 640 quid
874 562 909 622 in
934 568 1038 624 morte

152 658 232 720 boni
255 660 306 736 sit,
329 680 405 720 curn
422 665 523 721 cantu
538 666 572 722 et
586 661 755 744 voluptate
771 662 967 724 moriantur:
990 663 1038 726 sic

151 761 307 822 omnibus
322 762 418 822 bonis
433 766 467 822 et
480 761 586 824 doctis
601 783 672 824 esse
686 763 887 828 faciendum.

196 861 268 923 Nee
289 883 365 923 vero
387 861 429 923 de
451 863 514 924 hoc
538 865 715 944 quisquam
742 865 892 927 dubitare
914 871 1037 948 posset,

150 963 215 1024 nisi
226 962 316 1023 idem
329 965 423 1025 nobis
439 965 599 1027 accideret
613 966 785 1050 diligenter
799 967 841 1028 de
857 968 968 1030 animo
984 987 1037 1030 co·

150 1066 344 1146 gitantibus,
366 1066 456 1145 quod
470 1068 512 1127 iis
534 1088 632 1150 saepe
653 1089 718 1130 usu
740 1071 839 1146 venit,
859 1071 916 1150 qui
930 1092 1038 1151 quum

151 1169 267 1230 acriter
288 1168 393 1230 oeulis
414 1168 620 1233 deficientem
642 1171 745 1235 solem
765 1174 975 1251 intuerentur,
997 1180 1037 1236 ut

150 1270 346 1352 adspectum
363 1273 499 1333 omnino
513 1273 719 1352 amitterent;
742 1275 789 1336 sic
811 1277 932 1336 mentis
947 1277 1036 1337 acies

151 1391 185 1432 sc
200 1371 274 1453 ipsa
295 1373 437 1449 intuens,
452 1394 691 1454 nonnunquam
713 1376 867 1450 hebescit,
888 1378 931 1436 ob
947 1397 1035 1438 eam·

150 1493 214 1552 que
244 1492 381 1536 causam
403 1475 655 1559 'contemplandi
684 1475 888 1558 diligentiam
916 1478 1037 1538 amitti-

151 1595 235 1636 mus.
280 1577 396 1656 Itaque
425 1577 592 1654 dubitans,
620 1577 904 1658 circumspectans,
935 1578 1026 1639 haesi

149 1683 236 1756 tans,
254 1678 360 1740 multa
381 1679 517 1740 adversa
538 1699 696 1754 reverens,
714 1684 887 1759 tamquam
909 1680 944 1742 in
965 1685 1035 1742 rate

149 1781 184 1842 in
200 1781 283 1842 mari
296 1783 471 1860 immenso,
484 1788 594 1844 nostra
610 1782 737 1843 vehitur
751 1783 864 1844 orati0.

192 1884 242 1945 74.
269 1883 336 1946 Sed
359 1885 440 1946 haec
462 1890 496 1947 et
516 1890 634 1961 vetera,
657 1890 691 1946 et
712 1871 900 1946 aGraecis.
948 1885 1033 1946 Cato

150 1990 262 2046 autem
279 1987 326 2048 sic
346 1988 428 2048 abiit
442 2008 460 2048 e
476 1988 555 2066 vita,
577 1992 616 2048 ut
637 2007 773 2048 causam
796 1986 955 2048 moriendi
978 2008 1034 2048 na·

142 2094 241 2172 sctum
257 2109 292 2149 se
315 2109 385 2150 esse
408 2089 575 2171 gauderet.
622 2089 725 2151 Vetat
747 2090 834 2149 enim
858 2089 1034 2150 dominans

149 2191 201 2252 ine
217 2193 251 2252 in
269 2193 362 2254 nobis
378 2192 459 2253 deus
474 2193 602 2274 injussu
617 2193 692 2254 hinc
708 2214 767 2254 nos
791 2213 851 2254 suo
874 2193 1033 2275 demigra-

148 2313 199 2370 re,
220 2315 325 2374 quum
341 2313 417 2355 vero
432 2313 568 2354 causam
580 2294 705 2375 justam
721 2294 804 2355 deus
817 2295 887 2375 ipse
900 2295 1034 2371 dederit,

149 2401 187 2456 ut
202 2401 282 2456 tunc
301 2396 437 2472 Socrati,
453 2413 541 2456 nunc
560 2396 689 2471 Catoni,
705 2416 803 2476 saepe
824 2394 947 2471 multis,
970 2415 1032 2456 nac

148 2496 212 2573 ille,
226 2496 356 2558 medius
371 2495 479 2574 fidius,
494 2498 542 2558 vir
557 2497 687 2578 sapiens
702 2495 808 2556 laetus
825 2517 864 2556 ex
880 2496 929 2556 his
945 2502 1033 2556 tene·

148 2601 212 2660 bris
225 2601 260 2661 in
282 2600 389 2662 lucem
411 2601 502 2662 illam
525 2599 706 2662 excesserit.
752 2598 823 2660 Nea
843 2604 955 2660 tamen
977 2597 1037 2660 illa

148 2701 255 2762 vincla
270 2702 404 2764 carceris
423 2703 554 2784 ruperit,
571 2701 673 2786 (leges
695 2701 783 2762 enim
805 2706 919 2763 vetant
929 2700 949 2784 3)
976 2700 1033 2764 sed

147 2806 319 2883 tamquam
343 2824 364 2864 a
385 2805 581 2886 magistratu
603 2809 663 2866 aut
684 2806 726 2865 ab
742 2803 855 2884 aliqua
869 2809 1035 2885 potestate

148 2904 304 2992 legitima,
320 2907 366 2967 sic
382 2927 401 2967 a
417 2905 479 2967 deo
496 2911 652 2968 evocatus
668 2912 768 2987 atque
783 2907 924 2968 emissus
948 2907 1031 2968 exie·

146 3008 196 3068 rit.
246 3007 326 3070 Tota
348 3009 435 3070 enim
452 3009 710 3088 philosophorum
726 3010 803 3086 vita,
818 3014 857 3070 ut
872 3010 919 3072 ait
933 3010 1033 3087 idem,

148 3111 362 3173 commentatio
376 3113 486 3173 mortis
503 3119 561 3175 est.

190 3211 317 3274 XXXI.
361 3208 412 3275 75.
436 3212 525 3275 Nam
548 3213 627 3294 quid
650 3213 741 3275 aliud
764 3214 904 3296 agimus,
927 3233 1032 3292 quum

147 3315 360 3397 avoluptate,
376 3315 409 3376 id
426 3321 476 3376 est
491 3337 513 3376 a
526 3336 669 3397 corpore,
689 3336 794 3396 quum
817 3337 838 3376 a
858 3336 891 3376 re
914 3313 1032 3375 famili·

147 3417 203 3496 ari,
216 3438 303 3500 quae
319 3423 371 3480 est
383 3417 532 3480 ministra
552 3421 588 3478 et
606 3418 733 3480 famula
755 3416 905 3500 corporis,
927 3435 1030 3496 quum
