2430 4100
229 329 293 396 122
451 345 622 392 nuscnnsu
645 341 905 405 mssumionn

265 497 422 566 Epiohunui.
454 495 481 548 A
489 491 675 564 distinguished
687 489 767 544 comio
778 496 849 560 poet,
857 489 924 541 born
936 486 964 539 in
977 486 1022 539 the
1034 485 1119 540 island

229 584 261 636 of
275 583 325 636 Cos
337 583 416 634 about
428 597 454 634 n.
463 596 489 635 c.
501 586 561 632 540,
598 581 636 630 At
647 579 692 630 the
704 595 752 646 age
769 577 800 628 of
813 576 887 628 three
905 575 1008 628 months
1020 574 1054 626 he
1066 589 1120 624 was

229 670 331 724 carried
342 677 370 722 to
383 651 472 736 Sicffy,
484 667 571 719 where
582 666 617 718 he
629 673 705 734 spent
716 664 761 716 the
773 661 921 716 remuinder
932 662 963 712 of
970 660 1009 712 hie
1020 661 1076 712 lise.

269 758 301 810 Ut
320 757 415 810 Sicut:
434 773 463 807 os
481 755 553 822 beioq
571 771 589 806 a
609 749 905 812 Siciliam-inasmueh
926 765 954 800 as
974 748 1007 799 he
1030 765 1082 800 was
1104 765 1121 800 a

232 843 347 896 Sicilian.
385 842 426 896 cf.
447 839 689 910 infro,xliii.104:
714 837 875 906 [Diooeoes]
899 844 934 886 ut
956 835 1119 902 Cynicus,
1207 883 1208 906 ἦ

227 932 323 1001 projici
338 948 365 982 se
377 931 454 998 jussu
472 930 634 980 inhumatum.
669 925 702 977 In
714 924 903 993 regardtothe
915 922 959 974 wit
976 922 1007 974 of
1020 922 1066 974 the
1081 921 1121 974 Si·
1207 957 1208 992 3

230 1018 330 1080 cilinns,
344 1016 452 1068 Tischer
467 1014 538 1077 cites,
555 1014 623 1065 Oroi.
634 1013 662 1064 in
680 1013 749 1066 Verr.
761 1011 799 1063 11.
812 1016 839 1062 4.
852 1015 895 1062 43.
908 1015 955 1060 95:
973 1009 1121 1078 Numquam

231 1113 280 1156 tom
300 1104 364 1154 male
383 1111 418 1154 est
431 1101 531 1162 suun,
545 1100 605 1170 quin
624 1099 722 1167 aliquid
731 1097 819 1166 facete
837 1105 860 1150 et
878 1097 1002 1148 commode
1021 1097 1122 1150 dmum.
1207 1123 1208 1178 }

231 1189 325 1242 Notsce
337 1187 381 1240 the
393 1187 535 1240 differenoe
547 1186 666 1238 between
679 1185 723 1238 the
732 1182 902 1253 signification
914 1182 944 1234 of
952 1191 979 1233 ut
990 1181 1054 1234 here
1065 1183 1122 1234 and
1207 1185 1208 1210 ³

232 1275 260 1328 in
280 1275 385 1338 Brutus,
405 1273 449 1326 vii.
471 1279 518 1326 27:
548 1273 699 1326 Clisthenem
718 1271 830 1335 multum,
847 1278 874 1322 ut
897 1269 1044 1337 temporibus
1061 1269 1122 1333 iuis,
1207 1261 1208 1318 i

233 1363 466 1416 oduissedicendo.
1207 1345 1208 1432 J

267 1449 374 1502 Emori.
384 1485 390 1498 .
400 1485 407 1498 .
417 1485 423 1498 .
432 1457 550 1500 oestumo.
587 1444 645 1498 The
659 1459 735 1496 verse
752 1442 773 1495 is
790 1441 904 1495 trocheis
916 1449 1067 1494 tetramnmr
1079 1459 1123 1495 ee-
1207 1435 1208 1450 ³

233 1536 343 1589 talentis.
378 1535 433 1587 For
450 1534 496 1586 the
515 1533 691 1602 orthography
709 1531 740 1583 of
756 1541 866 1584 oestumo
883 1547 927 1584 see
938 1530 976 1582 M.
989 1533 1002 1596 §
1015 1535 1038 1592 5,
1053 1529 1120 1583 Obs.

235 1630 266 1688 ὃς
291 1623 320 1676 Ζ.
338 1626 389 1690 52.
437 1624 488 1674 Sed
508 1639 546 1676 me
563 1638 614 1673 esse
631 1629 754 1672 mortuum
771 1620 834 1671 nuit
851 1628 967 1671 oestumo.
1011 1618 1124 1670 'liseher

234 1710 297 1761 cites
315 1708 432 1770 Plautus,
455 1709 529 1775 Capi.
549 1707 585 1760 iv.
607 1712 632 1759 5.
653 1711 701 1758 83:
718 1707 782 1759 Post
801 1715 902 1758 mortem
920 1705 947 1758 iu
964 1715 1040 1758 morte
1057 1706 1124 1760 nihil

234 1803 277 1858 est,
290 1795 357 1864 quod
367 1803 483 1855 mutuom,
495 1793 562 1844 moti

268 1882 328 1934 Jom
339 1899 447 1949 aquosos
460 1881 593 1934 Graecum.
624 1883 639 1912 “
647 1877 709 1932 Jam
721 1879 832 1932 veniunt
841 1878 868 1932 in
878 1877 1028 1931 memoriam
1039 1879 1124 1933 verbs

237 1968 345 2032 Graeca,
353 1969 409 2037 jam
420 1967 571 2020 reminiscor
581 1965 722 2018 verborum
735 1965 920 2020 Graecorum.”
953 1965 988 2018 So
1001 1967 1071 2018 Tusc.
1085 1965 1124 2019 IL
1207 2035 1208 2046 γ

235 2054 272 2108 xi.
288 2059 334 2106 26:
353 2057 420 2106 unde
431 2055 472 2106 isti
482 2054 587 2108 versis!
604 2071 655 2106 nou
667 2054 732 2105 euim
743 2071 861 2122 nonosoo.

268 2141 608 2209 Morieodum....puton.
643 2139 717 2192 Take
731 2157 783 2192 esse
795 2139 857 2191 with
868 2140 1031 2193 moriendum.
1066 2139 1124 2192 Mi·

234 2245 317 2280 serum
334 2236 428 2296 putem.
477 2226 528 2280 See
545 2233 607 2280 note
624 2243 659 2280 on
677 2227 895 2280 commemini...
912 2244 970 2280 ‚ote
993 2227 1123 2287 misemm,

235 2314 283 2368 VI.
297 2319 337 2366 13.

271 2405 311 2452 16.
341 2401 390 2454 Cui
408 2400 552 2469 proximum
575 2409 669 2468 tempus
687 2407 722 2452 est
740 2407 799 2467 post
816 2408 924 2452 mortem.
969 2399 1056 2452 Tbere
1072 2399 1124 2453 has

234 2486 303 2540 been
320 2504 390 2540 some
407 2487 509 2556 dispute
521 2486 548 2538 in
560 2487 655 2555 segurd
666 2493 693 2538 to
705 2485 750 2538 the
762 2486 884 2556 meaning
895 2486 926 2538 of
938 2486 987 2539 this
1005 2503 1123 2556 passage,

128 2636 130 2640 .
234 2573 282 2626 but
293 2574 337 2626 the
355 2574 463 2626 obvious
481 2572 679 2642 interpretation
698 2571 777 2642 given
795 2572 831 2641 by
846 2571 878 2624 F.
893 2573 928 2625 A.
942 2572 1053 2626 Wolfis
1072 2591 1123 2625 un·
1207 2619 1208 2622 ,

234 2660 377 2728 doubtedly
397 2667 511 2712 correct:
537 2659 580 2712 oui
600 2659 694 2728 [motti]
710 2660 856 2727 proximum
873 2668 975 2728 tempto,
997 2661 1122 2730 [umpus]
1207 2671 1208 2676 ’

234 2754 269 2796 est
275 2754 334 2813 post
344 2755 453 2798 morton

273 2831 432 2899 Confitemur.
461 2837 477 2864 “
485 2831 604 2884 Verbum
613 2832 768 2884 confitemur
776 2833 917 2902 respondet
926 2833 1052 2886 vocabulo
1062 2834 1122 2888 Pln-

233 2916 321 2970 tonino
339 2921 522 2989 ὁμολογοῦμεν,
541 2925 631 2987 estque
650 2917 668 2970 i.
682 2936 707 2988 q.
723 2920 836 2973 conuenit
853 2921 919 2972 inter
934 2937 987 2972 nos.
1022 2920 1121 2974 Differt

233 3010 320 3056 autem
332 3003 396 3058 hoec
414 3003 565 3074 significatio
581 3003 615 3056 ab
633 3021 672 3069 es,
689 3023 768 3074 quam
785 3005 864 3058 habet
881 3005 1028 3076 proximum
1042 3010 1121 3077 confl-

233 3099 303 3143 teor:
321 3097 360 3144 est
377 3090 447 3143 enim
463 3089 499 3142 ibi
516 3090 532 3142 i.
546 3108 573 3160 q.
592 3093 735 3155 concedam,
752 3109 910 3162 quamquam
927 3093 1032 3157 invitus,
1050 3095 1121 3163 quia,

233 3177 616 3248 quodreponam,n0nhabeo.
655 3177 734 3240 Quod
746 3196 809 3231 vero
821 3179 939 3247 sequimur
949 3183 1082 3245 assentior,
1093 3181 1121 3234 id
1207 3179 1208 3198 ³

233 3283 268 3318 ex
286 3265 364 3318 animi
383 3265 512 3318 sententia
529 3264 585 3318 fieri
603 3265 826 3317 existimandum
859 3266 1120 3322 Mosen-“Recte

233 3351 346 3422 explieat
357 3352 481 3406 Neidius:
503 3353 699 3420 Confitemur,si
716 3352 853 3405 veritatem
865 3353 971 3422 quidem
988 3372 1042 3406 non
1060 3373 1120 3424 pen

232 3439 370 3508 speximus,
384 3438 448 3492 nihil
459 3446 546 3490 tamen
558 3445 649 3492 contin
661 3438 766 3491 alterius
777 3439 975 3507 argumentandi
991 3440 1120 3496 rationem

232 3527 327 3578 efferre
344 3542 493 3595 possumus3
511 3542 627 3577 assensus
644 3524 694 3576 nisi
711 3533 848 3594 perspecte
865 3525 975 3580 vontete
992 3543 1049 3582 esse
1067 3546 1120 3584 non

232 3614 339 3688 potest!
372 3611 494 3663 Kiihner.
