2450 4096
200 325 243 392 56
367 349 632 392 TUSCULANARUM
654 348 929 391 DISPUTA'I'IONUM

202 515 243 580 de
259 518 452 581 humatione
469 523 502 580 et
517 517 685 600 sepultura
701 516 878 580 dicendum
891 517 1081 580 existimem

201 640 270 684 rem
287 643 351 684 non
368 621 545 698 difficilem,
561 622 601 682 iis
622 622 811 704 praesertim
835 621 986 704 cognitis
1009 641 1102 702 quae

202 725 243 788 de
265 726 346 788 nihil
369 725 540 788 sentiendo
564 723 675 808 paullo
699 730 776 786 ante
799 724 889 787 dicta
912 731 998 786 sunt.
1045 723 1101 788 De

202 851 270 912 qua
296 829 448 892 Socrates
471 828 606 910 quidem
630 828 879 910 quidsenserit,
903 835 1040 912 apparet
1061 831 1101 892 in

203 953 243 995 eo
259 931 349 1010 libro,
365 934 397 994 in
415 953 482 1014 quo
499 933 645 1009 moritur,
660 931 702 993 de
723 953 789 1013 quo
801 932 873 1014 jam
895 939 965 994 tam
989 931 1101 995 multa

203 1035 359 1098 diximus.
404 1033 476 1097 103.
507 1035 624 1111 Quum
656 1035 744 1097 enim
776 1035 817 1098 de
846 1036 1101 1098 immortalitate

203 1139 390 1200 animorum
413 1138 659 1221 disputavisset,
681 1139 804 1222 etjam
832 1139 992 1202 moriendi
1014 1146 1101 1202 tem·

203 1262 266 1325 pus
287 1248 424 1325 urgeret,
444 1248 579 1326 rogatus
603 1263 623 1304 a
649 1243 792 1320 Critone,
811 1243 1101 1324 quemadmodum

204 1345 331 1428 sepeliri
347 1344 453 1424 vellet,
466 1346 605 1410 Multam
616 1367 701 1425 uero,
713 1347 831 1429 inquit,
842 1368 979 1426 operam,
992 1349 1100 1426 amici,

202 1453 328 1530 frustra
343 1453 530 1531 consumpsi.
582 1449 707 1514 Oritoni
722 1453 805 1514 enim
825 1460 934 1514 nostro
948 1473 1013 1515 non
1022 1473 1101 1530 per-

204 1557 304 1632 suasi,
326 1577 374 1618 me
396 1557 469 1618 ltine
492 1557 692 1619 avolaturum
716 1575 816 1633 neque
839 1557 902 1618 mei
924 1555 1101 1634 quidquam

203 1661 396 1720 relicturum.
448 1655 676 1734 Verumtamen,
713 1655 811 1734 Orno,
841 1658 871 1719 si
896 1677 944 1719 me
968 1659 1101 1736 assequi

201 1761 345 1842 potueris
367 1766 422 1822 ant
444 1761 547 1823 sicubi
566 1768 678 1824 nactus
701 1762 776 1836 eris,
797 1769 832 1824 ut
854 1761 915 1825 tibi
928 1759 1099 1840 uidebitur,

205 1864 343 1942 sepelite.
398 1861 470 1942 Sed,
499 1865 578 1926 milri
614 1863 716 1943 crede,
752 1885 843 1928 nemo
871 1877 920 1928 me
949 1873 1100 1945 vestrum,

205 1968 388 2048 quantine
404 1989 576 2045 excessero,
592 1975 808 2046 consequetur.

250 2072 417 2133 Praeclare
431 2073 465 2134 id
483 2074 627 2154 quidem,
643 2073 700 2154 qui
719 2079 752 2134 et
775 2073 882 2136 amico
905 2073 1099 2156 permiserit,

205 2180 240 2236 et
255 2195 289 2236 se
305 2174 484 2237 ostenderit
499 2177 539 2238 de
555 2177 618 2238 hoo
632 2183 703 2238 toto
719 2197 836 2258 genere
850 2177 930 2238 nihil
941 2176 1099 2240 laborare.

206 2279 278 2344 104.
302 2279 421 2342 Durior
437 2279 614 2364 Diogenes,
629 2281 705 2342 etis
729 2277 864 2361 quidem
887 2279 976 2342 idem
999 2281 1098 2342 senti·

206 2406 274 2462 ens,
290 2385 357 2461 sed,
381 2392 420 2447 ut
438 2385 593 2469 Cynicus,
618 2384 775 2467 asperius,
801 2384 915 2468 projici
941 2405 975 2446 se
996 2383 1100 2467 jussit

204 2491 426 2553 inhumatum.
473 2489 562 2551 Tum
579 2489 687 2565 amici,
707 2485 928 2550 Volucrilm.rne
945 2487 1100 2569 etseris?

164 2655 166 2659 .
203 2631 249 2644 -
261 2595 395 2658 Minime
410 2613 498 2674 uera,
513 2594 639 2676 inquit;
662 2591 720 2654 sed
734 2593 882 2655 bacillum
894 2599 1023 2671 propter
1038 2611 1100 2670 me,

205 2718 267 2774 quo
277 2699 417 2778 abigam,
427 2701 577 2774 punitate.
589 2733 634 2743 —
652 2695 717 2774 Qui
728 2694 763 2758 id
773 2695 924 2774 poteris?
946 2695 1011 2772 illi;
1033 2714 1102 2757 nou

126 2856 129 2863 .
205 2799 288 2861 enim
303 2801 482 2860 sentica-
500 2799 588 2876 Quid
609 2801 711 2881 igitur
731 2800 975 2880 melliferarum
997 2799 1101 2860 lania·

205 2909 256 2964 tus
285 2903 385 2964 oberit
407 2903 489 2964 nilril
508 2903 684 2968 sentienti?
729 2901 896 2964 Praeclare
922 2903 1102 2984 Anaxago-

204 3026 269 3085 ras,
298 3005 367 3086 qui,
389 3027 494 3086 quum
523 3005 702 3089 Lampsaci
725 3013 913 3086 moreretur,
940 2991 1100 3087 quaeren-

204 3110 294 3173 tibus
310 3111 435 3190 amicis,
457 3112 595 3175 velletne
615 3112 832 3175 Clazomenas
847 3113 882 3173 in
899 3112 1052 3194 patriam,
1068 3111 1100 3172 si

205 3214 286 3297 quid
302 3216 484 3292 accidisset,
500 3217 627 3295 auferri,
645 3215 738 3278 Nilul
755 3235 883 3278 necesse
900 3222 955 3292 est,
970 3214 1099 3296 inquit;

204 3319 344 3400 undique
360 3320 442 3380 enim
458 3319 502 3380 ad
515 3322 635 3400 inferos
651 3319 834 3382 tantundem
845 3320 916 3381 uiae
930 3325 985 3381 est.
1032 3315 1099 3384 Το-

204 3428 305 3505 taque
328 3423 369 3485 de
391 3424 519 3486 ratione
543 3424 746 3486 humationis
777 3445 882 3486 unum
914 3423 1098 3487 tenendum

205 3534 265 3602 est,
279 3527 378 3589 -ad
407 3548 525 3612 corpus
546 3529 638 3590 illam
661 3530 829 3610 pertinere,
851 3529 920 3590 sive
942 3526 1099 3592 occiderit
