2450 4096
217 395 260 459 60
382 415 647 462 TUSCULANARUM
669 413 943 458 DlSPUTATIONUM

218 597 318 659 quarn
334 577 381 639 illi
396 579 440 639 ob
455 597 528 639 earn
550 597 618 639 rem
641 577 741 639 beati.
787 575 865 638 Non
891 597 1028 660 possum
1053 596 1114 640 aa·

216 687 283 744 tem
302 681 418 760 dicore,
433 701 567 762 quoquo
585 680 684 743 modo
701 681 764 743 hoc
780 681 969 763 accipietur,
986 681 1114 764 Lycur-

218 807 309 867 gum,
334 785 502 862 Solonem,
531 786 642 870 legum
673 792 706 848 et
736 784 888 868 publicae
914 785 1114 868 disciplinae

218 909 324 951 carere
337 889 457 972 gloria:
476 889 743 965 Themistoclem,
756 887 1038 970 Epaminondam,
1048 888 1115 951 bel·

217 991 301 1054 licae
329 993 468 1053 virtutis.
529 993 617 1054 Ante
643 993 732 1054 enim
762 991 972 1054 Salaminam
1002 993 1114 1075 ipsam

220 1093 398 1178 Neptunus
420 1096 545 1182 obruet,
568 1116 669 1176 quarn
696 1094 871 1158 Salaminii
893 1097 1022 1178 tropaei
1045 1115 1115 1157 rna-

218 1198 376 1275 moriam;
412 1199 568 1281 priusque
600 1199 918 1261 Boeotia'Lcuctra
946 1199 1115 1278 tollentur,

218 1323 320 1383 quam
337 1324 469 1386 pugnae
489 1303 682 1365 Leuctricae
705 1303 817 1387 gloria.
864 1287 973 1364 Multo
996 1311 1114 1365 autem

218 1405 344 1468 tardius
360 1407 450 1468 fama
466 1407 592 1468 deseret
607 1407 755 1483 Curium,
773 1405 973 1482 Fabricium,
987 1388 1115 1468 Calati-

219 1533 309 1589 num,
326 1512 392 1574 duo
411 1512 594 1594 Scipiones,
616 1511 684 1574 duo
704 1511 886 1588 Africanos,
912 1510 1114 1592 Maximum,

220 1615 423 1692 Marcellum,
447 1615 612 1691 Paullum,
631 1614 804 1692 Catonern,
829 1613 993 1690 Laelium,
1016 1615 1114 1676 innu-

217 1718 389 1779 merabiles
406 1717 507 1778 alios:
529 1738 669 1797 quorum
687 1717 939 1780 similitudinem
962 1717 1114 1798 aliquam

218 1821 275 1902 qui
292 1820 468 1902 arripuerit,
486 1841 549 1882 non
567 1841 640 1882 eam
658 1821 749 1883 fama
772 1821 931 1904 populari,
954 1821 1013 1882 sed
1035 1841 1115 1883 vera

217 1927 379 1987 bonorum
396 1924 495 1987 laude
512 1927 661 2003 metiens,
677 1925 793 1989 fidenti
809 1927 932 2003 anim0,
954 1928 982 1988 ai
997 1927 1045 1989 ita
1060 1948 1114 1990 res

217 2029 306 2104 feret,
323 2029 488 2110 gradietur
504 2030 546 2090 ad
563 2035 712 2108 mortem,
728 2029 761 2091 in
779 2049 846 2110 qua
865 2037 924 2091 aut
939 2049 1113 2092 summum

217 2132 356 2208 bonum,
386 2137 446 2192 aut
471 2133 598 2194 nullum
628 2133 754 2196 malurn
783 2153 855 2194 esse
881 2133 1112 2216 cognovimus.

221 2231 384 2296 Secundis
399 2255 474 2296 vero
491 2237 559 2298 suis
574 2237 670 2298 rebus
687 2236 775 2299 volet
798 2238 899 2298 etiarn
922 2236 1022 2314 mori;
1044 2217 1118 2300 non¹

217 2338 306 2400 enim
328 2345 399 2401 tam
422 2339 577 2402 cumulus
600 2341 761 2401 bonorum
781 2338 951 2422 jucundus
967 2359 1037 2400 esse
1054 2359 1114 2422 po·

215 2447 291 2520 test,
321 2463 422 2524 quam
453 2443 593 2506 molesta
623 2425 779 2505 decessio.
824 2441 895 2504 111·.
921 2441 1018 2504 Hanc
1041 2464 1116 2506 sen·

216 2547 355 2608 tentiam
373 2547 556 2630 significare
572 2546 701 2609 videtur
721 2545 866 2608 Laconis
882 2545 938 2607 illa
954 2565 1027 2624 vox,
1043 2548 1116 2627 qui,

218 2670 320 2729 quum
347 2649 496 2712 Rhodius
519 2651 691 2732 Diagoras,
709 2649 959 2733 Olympionices
983 2649 1116 2728 nobilis,

217 2771 285 2812 uno
302 2752 354 2812 die
371 2752 438 2813 duo
456 2773 533 2813 suos
556 2749 641 2814 filios
663 2753 802 2815 victores
822 2752 999 2836 Olympiae
1014 2751 1117 2814 vidis·

218 2859 277 2928 set,
308 2855 448 2915 accessit
477 2855 519 2916 ad
550 2875 662 2916 senem
686 2863 720 2918 et
742 2855 939 2939 gratulatus,
970 2855 1116 2933 Morere,

218 2953 379 3039 Diagora,
399 2959 522 3038 inquit;
544 2977 609 3021 non
631 2963 713 3022 euim
742 2961 777 3021 in
799 2961 919 3022 caelum
943 2959 1115 3021 adscensu-

217 3080 274 3122 rus
291 3081 332 3122 er.
380 3059 505 3144 Magna
521 3063 602 3126 haec
623 3068 656 3124 et
671 3063 813 3125 nimium
835 3063 972 3124 fortasse
991 3061 1115 3123 Graeci

217 3171 347 3249 putant,
376 3165 429 3226 vel
457 3172 530 3228 tum
561 3167 673 3251 potius
703 3168 886 3250 putabant3
915 3165 1019 3246 isque,
1052 3166 1116 3245 qui

219 3271 281 3332 hoc
297 3269 461 3352 Diagorae
477 3269 569 3347 dixit,
585 3290 802 3354 permagnum
819 3269 1022 3340 existimans,
1043 3273 1114 3330 tres

222 3373 473 3458 Olympionicas
495 3395 564 3436 una
587 3395 604 3436 e
627 3374 728 3435 domo
751 3372 887 3453 prodire,
910 3371 1059 3434 cunctari
1073 3369 1114 3432 il·

218 3476 289 3539 lum
311 3477 438 3554 (liutius
461 3477 494 3538 in
519 3478 597 3556 vita,
619 3477 771 3540 fortunae
794 3476 972 3559 objectum,
993 3472 1114 3538 inutile

219 3582 361 3659 putabat
375 3581 448 3662 ipsi.
