2420 4102
319 309 420 352 trena
443 310 464 351 r.
510 310 581 352 111.
604 311 703 352 xvrn.
726 312 797 354 xrx.
963 295 1007 357 23

109 500 230 562 supera
259 498 387 560 semper
416 483 545 560 petunt.
606 479 667 556 Ita,
698 480 765 541 sive
796 479 1005 564 dissipantur,

109 583 223 668 procul
239 605 260 644 a
274 584 365 644 terris
381 583 416 644 id
432 585 559 662 evenit;
582 585 650 646 sive
673 592 867 668 permanent
882 593 916 649 et
931 610 1007 650 con·

110 693 242 750 servant
257 687 409 748 habiturn
426 708 535 764 suurn,
553 688 614 749 hoc
630 689 731 750 etiarn
747 691 856 773 magis
873 711 1006 754 necesse

110 798 163 854 est
176 784 322 853 ferantur
337 791 380 853 ad
396 790 536 868 caelum,
551 798 586 853 et
601 793 643 852 ab
665 793 706 854 iis
722 800 950 876 perrumpatur
972 801 1006 857 et

110 897 278 958 dividatur
299 917 428 988 crassus
451 896 504 958 hic
526 903 560 958 et
582 903 755 959 concretus
780 902 843 975 a'er,
867 899 926 980 qui
955 905 1006 962 est

109 1007 213 1062 terrae
236 1001 414 1083 proximus.
463 999 609 1063 Calidior
634 1006 686 1064 est
707 1002 796 1064 enim
819 1001 871 1065 vel
893 1003 1005 1086 potius

110 1103 275 1166 ardentior
290 1105 432 1180 animus,
447 1124 549 1184 quarn
562 1086 615 1166 'est
630 1105 684 1167 hio
699 1109 764 1185 aiir,
779 1126 878 1186 quern
902 1107 1004 1170 modo

110 1208 181 1270 dixi
202 1200 350 1270 crassum
366 1213 468 1288 atque
483 1214 689 1271 concretum:
713 1209 803 1290 quod
819 1231 858 1272 ex
874 1233 914 1272 1ο
931 1212 1005 1274 sciri

110 1316 230 1395 potest,
245 1311 326 1392 quia
340 1331 475 1394 corpora
490 1305 611 1388 nostra,
627 1317 753 1374 terreno
769 1314 1004 1396 principiorum

109 1436 228 1500 genere
245 1415 403 1493 conlecta,
419 1415 533 1478 ardore
548 1416 653 1478 animi
668 1415 909 1478 concalescunt.
929 1393 1070 1506 Q

156 1518 249 1582 XIX„
292 1519 345 1580 43.
370 1519 518 1596 Accedit,
533 1524 572 1581 111
587 1540 626 1580 11
642 1519 772 1580 facilius
789 1520 921 1582 animus
933 1540 1006 1583 eva-

109 1622 170 1686 dat
184 1644 225 1684 ex
241 1623 303 1684 hoc
319 1627 401 1696 atre,
425 1643 524 1704 quem
542 1643 642 1704 saepe
662 1622 734 1705 jam
758 1622 897 1706 appello,
913 1644 1004 1686 eum·

109 1750 176 1810 que
198 1713 397 1811 perrumpat,
419 1727 508 1809 quod
535 1726 617 1790 nihil
639 1733 691 1790 est
713 1729 826 1790 animo
848 1727 1004 1807 velocius,

109 1833 203 1896 nulla
218 1839 269 1894 est
284 1833 442 1910 celeritas,
457 1853 544 1913 quae
560 1833 666 1914 possit
680 1854 758 1896 cum
774 1834 877 1896 animi
896 1834 1004 1896 celeri·

108 1942 181 2000 tate
202 1936 408 1999 contendere.
457 1934 527 2012 Qui
550 1936 577 1998 si
600 1943 771 2018 permanet
796 1937 1004 2019 incorruptus

109 2041 229 2122 suique
245 2040 372 2117 similis,
387 2060 521 2104 necesse
537 2045 588 2102 est
603 2040 650 2102 ita
663 2040 792 2118 feratur,
808 2047 847 2103 ut
857 2046 1005 2123 penetret

109 2152 142 2206 et
157 2143 287 2206 dividat
301 2163 399 2205 omne
415 2125 545 2206 caelum
568 2143 638 2220 hoc,
660 2144 693 2206 in
717 2165 784 2225 quo
807 2146 921 2222 nubes,
943 2145 1004 2206 im·

67 2257 70 2263 '
107 2251 191 2326 bres,
214 2249 370 2329 ventique
399 2253 574 2331 coguntur,
603 2247 694 2329 quod
717 2254 751 2310 et
773 2249 948 2312 humidum
971 2254 1006 2310 et

108 2351 330 2434 caliginosum
375 2357 426 2413 est
462 2343 593 2434 propter
629 2333 854 2414 exhalationes
891 2357 1003 2413 111111.

112 2457 229 2532 Quam
251 2457 420 2540 regionem
443 2477 547 2538 quum
571 2457 739 2538 superavit
754 2457 895 2531 animus,
912 2461 1005 2516 natu-

107 2582 247 2642 ramque
263 2562 315 2622 sui
338 2560 478 2626 similem
496 2560 637 2644 contigit
659 2566 693 2627 11
715 2560 860 2642 agnovit,
878 2559 1004 2641 junctis

109 2686 148 2726 ex
165 2665 281 2726 anima
295 2664 389 2726 tenui
405 2669 439 2727 et
453 2685 493 2726 ex
509 2653 623 2726 ardore
636 2662 713 2725 solis
726 2667 908 2745 temperato
921 2662 1003 2754 igni·

107 2771 171 2830 bus
194 2767 330 2847 insistit,
349 2769 394 2830 *et
422 2765 523 2830 finem
549 2751 708 2830 altiusse
733 2763 885 2828 efferendi
915 2767 1004 2829 facit.

112 2872 231 2948 Quum
248 2871 337 2932 enirn
354 2871 405 2932 sui
422 2869 564 2932 similem
579 2877 614 2933 et
627 2870 796 2932 levitatem
814 2877 848 2933 et
862 2869 1003 2933 calorem

109 2975 252 3057 adeptus
268 2979 328 3050 est,
343 2979 518 3054 tamquam
534 2974 668 3057 paribus
691 2974 901 3036 examinatus
924 2996 1004 3058 pon·

109 3079 252 3156 deribus,
281 3077 408 3139 nullam
435 3078 470 3139 in
496 3083 624 3160 partem
654 3083 814 3154 movetur,
844 3099 950 3157 caque
973 3078 1004 3140 ei

109 3181 247 3260 demum
271 3181 430 3243 naturalis
453 3187 504 3242 est
526 3180 630 3258 sedes,
646 3201 751 3262 quum
770 3181 812 3242 ad
829 3182 880 3242 sui
897 3181 1002 3243 similo

110 3286 302 3368 penetravit,
316 3285 351 3346 in
368 3305 445 3366 quo,
461 3271 553 3346 nulla
574 3305 607 3346 re
630 3305 739 3367 egens,
763 3284 869 3346 aletur
885 3294 919 3345 et
934 3267 1001 3345 sus·

110 3385 292 3450 tentabitur
307 3388 425 3450 iisdem
441 3389 548 3464 rebus,
562 3388 683 3468 quibus
707 3392 795 3450 astra
817 3391 995 3449 sustentan

112 3496 163 3558 tur
177 3477 213 3554 11
227 3491 371 3555 aluntur.
461 3527 463 3534 ¹
