2420 4102
375 345 520 406 brnen-1.
566 347 635 388 oar.
661 348 705 389 vr.
974 327 995 390 7

102 516 154 572 est
169 511 258 572 enim
273 516 344 572 tam
365 533 486 588 excors,
512 534 610 594 quern
634 516 701 575 ista
722 514 900 576 moveant?
945 513 994 578 M.

105 613 144 675 Si
167 635 245 696 ergo
272 615 361 696 apud
386 616 506 676 inferos
531 618 640 677 miseri
661 637 726 678 non
744 621 830 694 sunt,
853 639 894 678 ne
917 624 995 678 sunt

102 717 238 796 quidem
255 717 344 798 apud
361 718 481 780 inferos
496 719 563 779 ulli.
609 719 649 780 A.
674 719 725 781 Ita
741 699 869 802 prorsus
884 720 994 780 existi·

102 839 170 880 rn0.
216 819 264 880 M.
295 819 356 880 Ubi
372 826 450 881 sunt
467 841 544 902 ergo
568 822 601 897 ii,
623 843 706 901 quos
730 822 866 883 miseros
887 821 993 883 dicis?

103 927 164 1003 aut
190 942 295 1000 quem-
312 922 425 983 locum
448 923 621 986 incolunt?
645 925 672 985 si
695 925 784 984 enim
807 931 894 1002 sunt,
916 946 993 986 nus-

102 1044 206 1104 quam
222 1045 292 1085 esse
309 1045 374 1086 non
392 1031 539 1108 possunt.
585 1026 624 1087 A.
649 1026 724 1108 Ego
739 1047 814 1088 vero
827 1048 991 1107 nusquam

102 1148 175 1188 esse
204 1127 277 1188 ilios
307 1134 398 1210 puto.
457 1128 504 1190 M
540 1128 643 1210 Igitur
668 1151 709 1190 ne
736 1151 807 1190 esse
833 1129 991 1210 quidem?

103 1229 144 1292 A.
169 1229 304 1292 Prorsus
325 1232 390 1293 isto
414 1230 531 1308 modo;
554 1237 588 1292 et
609 1238 721 1293 tamen
743 1233 877 1293 miseros
893 1234 935 1292 ob
958 1231 993 1293 id

101 1335 214 1417 ipsum
231 1335 376 1415 quidem,
392 1336 472 1416 quia
487 1335 568 1397 nulli
584 1341 671 1398 sunt.
709 1375 759 1392 ...-

147 1437 197 1499 12,
222 1438 268 1499 Μ.
283 1438 303 1500 J
305 1459 359 1498 aru
372 1439 504 1500 mallem
521 1439 696 1499 Cerberum
709 1444 879 1514 metueres,
891 1457 991 1518 quam

102 1542 170 1602 ista
199 1545 269 1601 tam
299 1541 540 1602 inconsiderate
563 1540 694 1601 diceres
740 1540 780 1601 A.
806 1539 899 1614 Quid
921 1546 989 1600 tan·

104 1641 205 1704 dem?
265 1642 312 1704 M
351 1643 463 1718 Quem
497 1664 569 1704 esse
607 1664 718 1725 negas,
748 1643 892 1703 eundem
922 1663 992 1702 esse

105 1746 196 1808 dicis.
243 1745 308 1808 Ubi
324 1753 375 1808 est
395 1767 533 1808 acumen
550 1746 671 1808 tuum?
694 1767 797 1827 quum
821 1747 909 1807 enim
933 1747 992 1807 mi-

105 1870 214 1911 serum
229 1871 299 1910 esse
315 1849 407 1927 dicis,
423 1856 495 1911 turn
508 1871 595 1928 eum,
607 1851 665 1931 qui
677 1871 743 1911 non
756 1851 807 1927 sit,
819 1851 901 1910 dicis
912 1869 992 1910 esse.

106 1955 146 2017 A.
171 1955 246 2016 Non
279 1975 352 2016 sum
384 1956 432 2017 ita
463 1955 570 2032 hebes,
600 1960 639 2016 ut
667 1953 758 2015 istud
780 1953 898 2015 dicam.
943 1951 991 2014 M.

109 2056 203 2133 Quid
233 2057 315 2118 dieis
344 2055 467 2140 igitur?
528 2057 568 2118 A.
602 2057 762 2118 Miserum
793 2076 873 2132 esse,
904 2055 1004 2116 verbi

105 2181 216 2236 eausa,
248 2159 293 2221 M.
323 2160 489 2238 Crassum,
523 2161 581 2240 qui
609 2159 681 2221 illas
711 2160 858 2221 fortunas
889 2165 992 2219 morte

105 2263 283 2342 dimiserit;
306 2265 463 2324 miserum
497 2263 556 2325 Cn.
581 2263 789 2346 Pompeium,
812 2263 870 2342 qui
899 2267 993 2323 tanta

105 2366 209 2448 gloria
229 2366 272 2427 sit
294 2368 445 2444 orbatus3
467 2387 582 2427 omnes
606 2366 747 2445 denique
769 2365 914 2440 miseros,
935 2364 993 2442 qui

106 2468 168 2531 hac
183 2468 256 2530 luce
276 2475 417 2530 careant.
462 2468 509 2530 Μ.
534 2467 721 2530 Revolveris
745 2467 870 2527 eodem.
918 2465 994 2526 Sint

105 2573 194 2632 enim
220 2576 357 2653 oportet,
380 2573 408 2632 si
433 2573 544 2633 miseri
574 2576 667 2647 sunt;
696 2575 734 2630 tu
757 2573 869 2628 autem
894 2565 992 2627 modo

106 2676 254 2757 negabas
276 2695 333 2734 eos
356 2695 436 2752 esse,
453 2676 511 2756 qui
533 2673 655 2734 mortui
678 2676 795 2733 essent.
842 2670 879 2732 Si
895 2671 995 2752 igitur

107 2797 171 2838 non
189 2786 276 2852 sunt,
292 2777 372 2838 nihil
387 2783 527 2860 possunt
549 2797 637 2838 esse:
659 2777 707 2836 ita
729 2795 774 2836 ne
792 2774 902 2835 miseri
924 2775 994 2853 qui·

106 2878 181 2940 dem
207 2887 293 2940 sunt.
339 2877 378 2941 A.
403 2879 480 2942 Non
506 2879 579 2940 dico
606 2879 742 2940 fortasse
767 2878 878 2954 etiam,
905 2876 995 2956 quod

107 2982 230 3054 sentio;
255 3003 333 3042 narn
349 2982 436 3043 istuc
451 2981 571 3064 ipsum,
588 3002 654 3042 non
670 3001 750 3055 esse,
766 3000 868 3060 quum
885 2980 995 3054 fueris,

107 3085 325 3145 miserrimum
358 3090 448 3167 puto
507 3084 557 3146 13.
596 3083 643 3146 M
681 3081 796 3158 Quid?
835 3083 994 3158 miserius,

107 3206 209 3266 quam
226 3188 362 3248 omnino
387 3208 559 3267 nunquam
583 3183 707 3248 fuisse?
754 3185 813 3262 Ita,
836 3186 893 3265 qui
916 3188 1007 3245 non·'

107 3288 187 3350 dum
203 3290 274 3350 nati
289 3296 377 3368 sunt,
393 3291 501 3350 miseri
514 3290 584 3372 jam
601 3295 687 3365 sunt,
709 3289 788 3369 quia
812 3308 876 3348 non
901 3293 995 3360 sunt;

107 3396 141 3453 et
155 3413 225 3470 noS,
242 3392 270 3453 si
285 3398 362 3474 post
378 3398 516 3453 mortem
532 3393 642 3453 miseri
663 3392 766 3452 futuri
788 3411 914 3464 eumue,
938 3388 995 3448 rni-

108 3495 169 3557 seri
197 3496 334 3574 fuimus,
357 3500 537 3577 antequam
560 3495 639 3555 nati.
685 3493 760 3576 Ego
787 3497 900 3554 autem
931 3509 996 3556 non
