2450 4096
220 303 265 370 52
389 321 654 367 ruscunnniaurr
677 322 951 366 mseurarronurr

221 494 444 577 exspectando
466 499 501 556 et
522 491 739 556 desiderando
770 491 955 576 pendemus
985 493 1120 571 animis,

222 600 416 676 cruciamur,
439 597 608 681 angimur3
631 617 689 680 pro
708 597 756 658 dii
770 595 991 660 immortales!
1013 619 1119 679 quam

221 701 304 766 illud
326 704 386 766 iter
405 701 594 785 jucundum
624 722 695 764 esse
727 701 836 781 debet,
866 722 933 783 quo
963 703 1117 767 confecto

221 806 314 870 nulla
327 806 452 888 reliqua
468 827 557 886 cura,
573 803 664 868 nulla
679 804 867 868 sollicitudo
882 806 995 872 futura
1010 804 1073 869 sit!

269 909 384 986 Quam
400 931 453 972 me
475 909 620 972 delectat
643 906 883 972 Theramenes!
906 930 1009 990 quam
1028 909 1118 972 elato

222 1013 336 1076 animo
359 1010 428 1074 est!
474 1012 550 1076 Etsi
572 1013 661 1074 enim
685 1011 814 1090 flemus,
835 1034 941 1094 quum
962 1013 1118 1097 legimus,

222 1122 335 1179 tamen
352 1137 419 1178 non
435 1116 661 1180 miserabiliter
676 1117 724 1178 vir
735 1115 841 1180 clarus
853 1118 1017 1180 emoritur.
1044 1117 1118 1194 Qui

222 1240 337 1302 quum,
353 1220 522 1304 conjectus
537 1221 571 1282 in
584 1241 746 1284 carcerem
758 1222 893 1305 triginta
900 1221 997 1305 jussu
1008 1227 1120 1305 tyran-

223 1345 350 1403 norum,
364 1345 529 1388 venenum
547 1331 586 1388 ut
600 1326 715 1388 sitiens
736 1325 941 1404 obduxisset,
951 1327 1119 1408 reliquum

223 1431 271 1494 sic
293 1450 311 1493 e
334 1429 455 1514 poculo
478 1429 583 1513 ejecit,
606 1435 645 1492 ut
658 1430 694 1494 id
707 1437 890 1510 resonaret;
912 1451 979 1512 quo
1002 1432 1119 1496 sonitu

221 1535 360 1611 reddito,
383 1535 538 1612 arridens,
567 1534 720 1614 Preciae,
749 1535 868 1616 inquit,
896 1535 956 1598 hoc
979 1536 1118 1614 pulchro

229 1638 359 1715 Gritioc,
382 1639 439 1719 qui
455 1640 488 1706 iu
504 1659 582 1699 eum
606 1639 711 1700 suerat
732 1639 948 1702 taeterrimus
995 1639 1119 1702 Graeci

223 1742 362 1802 enimin
377 1741 536 1804 conviviis
555 1741 663 1806 solent
678 1743 857 1821 nominare,
879 1743 935 1806 cui
956 1743 1117 1826 poculum

221 1843 373 1906 tradituri
395 1844 471 1908 sint.
519 1843 617 1907 Lusit
638 1846 685 1908 vir
708 1847 860 1930 egregius
882 1852 1028 1910 extremo
1051 1847 1118 1930 spi·

221 1949 296 2026 ritu,
319 1969 424 2031 quum
443 1948 514 2031 jam
538 1950 734 2032 praecordiis
757 1956 951 2034 conceptam
974 1957 1118 2016 mortem

223 2053 419 2131 contineret;
442 2073 581 2136 vereque
593 2054 635 2133 ei,
650 2054 706 2116 cui
720 2075 884 2118 venenum
900 2055 1118 2137 praebiberat,

222 2161 362 2218 mortem
386 2162 437 2218 est
462 2178 536 2219 eam
562 2164 754 2242 auguratus,
780 2180 866 2241 quae
890 2161 979 2222 brevi
1000 2180 1117 2250 conse-

222 2267 301 2324 cuta
316 2267 375 2323 est
420 2261 471 2324 97.
497 2261 585 2339 Quis
606 2263 691 2328 hanc
714 2264 818 2327 animi
841 2265 978 2326 maximi
1002 2265 1117 2346 aequi-
1219 2321 1223 2334 .

221 2372 325 2430 tatem
341 2367 376 2428 in
391 2366 466 2449 ipsa
488 2373 591 2430 morte
606 2367 766 2446 laudaret,
781 2368 810 2430 si
825 2375 961 2430 mortem
987 2369 1118 2436 malum

217 2470 406 2556 judicaret?
468 2471 574 2534 Vadit
605 2473 694 2568 enirn
727 2472 763 2534 in
785 2472 929 2534 eundem
953 2493 1117 2539 carcerem
1143 2474 1146 2478 ’

221 2581 322 2658 atque
344 2576 378 2639 in
401 2576 545 2638 eundem
577 2576 693 2660 paucis
725 2581 801 2659 post
832 2577 928 2640 annis
951 2578 1116 2661 scyphum
1217 2567 1222 2609 '⁴

224 2678 389 2757 Socrates,
405 2679 523 2740 eodem
546 2679 665 2741 scelere
684 2680 847 2762 judicum,
870 2701 937 2761 quo
960 2686 1117 2764 tyranno-

217 2800 293 2842 rum
313 2780 543 2842 Theramenes.
592 2779 691 2858 Quae
713 2790 764 2846 est
785 2784 888 2870 igitur
907 2784 978 2868 ejus
999 2786 1116 2863 oratio,

221 2904 289 2964 qua
313 2883 396 2944 facit
421 2903 496 2945 eum
526 2883 623 2948 Plato
645 2907 745 2950 usum
771 2888 863 2972 apud
884 2887 1022 2972 J‘udices,
1042 2889 1123 2972 jam‘
1220 2957 1221 2966 ,

220 2992 324 3050 morte
341 2985 546 3052 multatum?

266 3090 358 3154 XLI.
381 3092 539 3176 “Magna
555 3095 637 3172 me,''
653 3094 774 3176 inquit,
797 3103 900 3180 “spes
915 3101 1014 3174 tenet,
1026 3096 1117 3180 judi·
1217 3153 1220 3172 ,

221 3217 285 3273 ces,
301 3197 383 3258 bene
399 3198 482 3259 mihi
496 3199 634 3276 evenire,
656 3199 748 3280 quod
774 3201 887 3262 mittar
901 3200 945 3263 ad
965 3206 1116 3262 mortem.

223 3301 366 3364 Necesse
383 3306 433 3362 est
447 3302 536 3364 enim
553 3303 596 3365 sit
612 3300 751 3364 alterum
767 3303 808 3365 de
823 3303 974 3367 duobus:
996 3310 1035 3366 ut
1054 3319 1118 3368 aut
1218 3371 1219 3396 2

221 3427 337 3468 sensus
353 3405 489 3467 omnino
502 3427 619 3470 omnes
635 3428 722 3470 mors
736 3408 874 3485 auferat,
889 3408 998 3478 autin
1010 3408 1116 3474 alium
1218 3467 1219 3472 ,

221 3509 388 3588 quendam
414 3509 525 3573 locum
556 3532 596 3574 ex
626 3512 676 3574 his
704 3510 787 3576 locis
813 3517 917 3576 morte
948 3513 1118 3596 migretur.
1217 3595 1218 3598 Ἴ
