2420 4102
179 307 222 372 14
343 326 606 370 ruscunrunnuu
629 325 901 370 ursrursrrouuu

181 493 223 555 ad
245 513 446 574 quemquam
476 498 604 575 potest3
632 493 750 575 parlier
772 495 860 554 enim
890 513 967 554 cum
997 493 1069 554 vita

95 606 102 651 l
181 618 296 659 sensus
309 597 486 672 amittitur3
510 615 574 656 non
589 595 760 656 sentientis
773 602 894 671 autem,
911 595 991 657 nihil
1007 601 1069 672 esi,

181 700 282 762 ullam
299 701 331 759 in
349 703 474 780 partem
486 695 576 778 quod
587 697 724 760 intersit.
770 697 985 777 Reliquorum
998 717 1070 758 sen-

180 803 304 864 tentiae
327 821 420 883 spem
442 799 591 876 afferunt,
614 800 642 860 si
666 805 698 860 te
723 800 785 861 hoc
810 801 891 860 forte
915 798 1070 876 delectat,

134 891 137 902 ’
183 925 278 986 posse
294 905 432 978 animos,
448 923 551 984 quum
568 924 586 964 e
602 903 790 984 corporibus
813 903 1017 978 excesserint,
1033 903 1070 963 in

182 1006 321 1080 caelum,
350 1006 445 1084 quasi
469 1007 501 1065 in
525 1004 729 1066 domicilium
752 1025 859 1080 suum,
890 1005 1068 1086 pervenire.

184 1107 225 1169 A.
252 1106 308 1168 Me
323 1127 398 1166 vero
413 1105 562 1183 delectat,
578 1106 676 1188 idque
692 1108 835 1190 primum
858 1107 905 1167 iia
927 1127 1000 1167 esse
1015 1128 1070 1167 ve·

182 1209 259 1287 lim;
280 1208 408 1284 deinde,
431 1209 532 1268 etiam
555 1210 583 1270 si
607 1229 671 1270 non
695 1210 746 1284 sit,
769 1209 849 1270 mihi
878 1209 1070 1291 persuaderi

183 1317 294 1374 tamen
315 1297 422 1373 velim¹
467 1310 515 1372 M
541 1309 634 1386 Quid
655 1311 716 1371 tibi
738 1331 813 1392 ergo
836 1331 934 1392 opera
956 1317 1072 1372 nostra

184 1436 267 1497 opus
290 1413 364 1476 esi?
398 1434 477 1475 num
504 1413 690 1493 eloquentia
718 1412 791 1474 Plat
779 1419 889 1473 tonem
916 1433 1071 1493 superare

183 1517 386 1600 possumus?
432 1516 557 1578 Evolve
572 1515 784 1596 diligenter
757 1535 827 1596 ejus
848 1535 924 1575 eum
939 1515 1149 1592 librum,

184 1622 242 1700 qui
256 1626 307 1681 est
321 1619 361 1679 de
377 1620 506 1679 animo·
499 1617 671 1699 ,amplius
694 1617 783 1698 quod
801 1616 972 1694 desideres,
988 1618 1070 1680 nihil

184 1722 252 1781 erit.
312 1720 351 1782 A.
383 1720 463 1780 Feci
493 1719 684 1797 mehercule,
707 1719 894 1800 etquidem
918 1722 1068 1802 saepius;

185 1822 241 1884 sed
257 1823 367 1884 nescio
383 1843 448 1902 quo
465 1822 575 1899 modo,
590 1822 670 1884 dum
685 1822 768 1904 lego,
780 1822 949 1899 assentior,
962 1844 1065 1904 quum

185 1928 281 2010 posui
303 1927 477 1988 librumi
444 1931 477 1988 ei
499 1947 630 1988 mecum
660 1926 729 2008 ipse
752 1925 830 1986 de
821 1932 954 1988 immori
941 1926 1013 1988 talit
1000 1933 1068 1988 tale

185 2032 370 2091 animorum
400 2030 493 2112 coepi
522 2031 674 2112 cogitare,
704 2029 849 2092 assensio
880 2031 987 2092 omnis
1010 2031 1067 2094 illa

184 2134 333 2196 elabitur.

227 2236 277 2298 25.
301 2236 347 2298 M.
374 2235 467 2312 Quid
482 2236 567 2298 hoc?
589 2236 692 2298 dasne
707 2242 765 2299 aui
785 2257 915 2298 manere
938 2239 1066 2300 animos

184 2346 259 2423 posi
281 2347 428 2416 mortem,
451 2346 511 2401 aui
533 2347 634 2401 morte
657 2341 729 2422 ipsa
750 2339 903 2401 interire?
949 2341 988 2402 A.
1013 2341 1064 2402 Do

183 2465 267 2506 vero.
313 2443 359 2506 Μ
393 2442 484 2518 Quid
516 2441 544 2505 si
567 2441 745 2505 maneant?
791 2443 830 2504 A.
855 2443 979 2505 Beatos
996 2465 1066 2505 esse

184 2547 337 2608 concedo
382 2546 429 2608 M
455 2542 712 2608 Sininiereantl
758 2545 797 2606 A.
822 2545 985 2606 Nonessc
1007 2547 1066 2608 mi-

183 2670 281 2724 seros,
297 2650 454 2727 quoniam
476 2669 518 2707 ne
540 2649 606 2709 sint
620 2647 764 2726 quidem.
808 2636 884 2709 Jam
899 2647 1005 2725 islud,
1014 2670 1067 2711 co-

184 2751 251 2810 acti
280 2771 301 2809 a
328 2755 372 2826 te,
398 2747 509 2829 paullo
535 2754 611 2808 ante
637 2750 868 2811 concessimus.
912 2749 959 2812 M
987 2749 1065 2826 Quo

185 2851 314 2910 modo
305 2851 350 2932 igi
354 2855 405 2910 tur
427 2857 486 2910 aut
508 2870 564 2910 cur
586 2856 723 2913 mortem
746 2851 871 2914 malum
887 2853 950 2913 libi
964 2854 1063 2916 videri

184 2953 275 3029 dicis,
299 2972 383 3033 quae
404 2957 464 3014 aut
483 2954 596 3014 beatos
620 2975 680 3016 nos
706 2953 833 3032 efficiet,
857 2955 975 3016 animis
997 2977 1065 3018 ma-

184 3055 347 3131 mutibus,
362 3061 421 3116 aut
437 3075 502 3116 non
518 3055 660 3132 miseros,
676 3077 774 3117 sensu
789 3055 958 3117 carentes?

229 3157 304 3219 ΧΠ.
348 3157 398 3218 26.
423 3158 461 3219 A.
490 3158 629 3241 Expone
658 3159 765 3240 igitur,
796 3159 859 3218 nisi
888 3157 1065 3220 molestum

184 3265 243 3336 esi,
266 3261 416 3342 primum,
449 3261 476 3321 si
505 3267 610 3341 potes,
641 3261 768 3321 animos
797 3280 961 3320 remanere
992 3267 1065 3342 post

184 3368 341 3438 morbem3
364 3367 446 3432 tum,
469 3363 496 3422 si
519 3363 629 3423 minus
651 3362 686 3423 id
709 3361 880 3438 obtinebis,
899 3361 963 3445 (est
977 3363 1066 3424 enim

185 3465 347 3548 arduum)
380 3464 521 3541 docebis,
551 3484 657 3526 carere
683 3464 774 3526 omni
803 3463 891 3526 malo
918 3471 1066 3526 moriem.
