2420 4102
203 255 248 322 24
369 277 635 323 ruscuumannu
657 279 933 324 ursrursrroumr

246 445 299 510 44.
324 445 508 528 Quumque
523 447 666 530 corporis
682 448 810 510 facibus
833 445 1035 511 inflammari
1049 469 1099 512 so·

204 547 333 612 lcamus
349 549 392 612 ad
413 569 530 612 omnes
552 550 618 611 fere
640 551 851 634 cupiditates,
866 571 973 633 eoque
988 555 1097 637 magis
1188 565 1189 570 ’

204 653 346 730 incendi,
381 653 471 734 quod
493 653 534 716 iis
557 653 770 732 aemulemur,
793 654 914 735 quiea
945 655 1099 734 habeant,

204 778 292 838 quae
322 777 382 819 nos
404 757 522 819 habere
544 757 738 840 cupiamus:
760 757 907 841 prolecto
929 755 1019 820 beati
1043 761 1099 822 eri·

205 881 291 938 mus,
302 879 417 941 quum,
429 861 618 944 corporibus
633 859 763 938 relictis,
778 866 812 922 et
826 861 1051 945 cupiditatum
1068 869 1099 926 et

205 963 466 1026 aemulationum
488 963 610 1026 erimus
632 971 797 1048 expertes3
830 964 988 1046 quodque
1012 983 1099 1028 nunc

206 1066 358 1144 facimus,
379 1087 486 1148 quum
508 1067 611 1130 laxati
632 1069 720 1132 curis
743 1085 869 1147 sumus,
891 1075 931 1131 ut
952 1076 1100 1153 spectare

206 1169 332 1251 aliquid
348 1169 488 1233 velimus
504 1176 538 1233 et
548 1172 661 1250 risere,
676 1171 709 1234 id
727 1171 833 1234 multo
848 1177 922 1234 tum
936 1171 1099 1234 faciemus

206 1274 348 1353 liberius,
378 1281 534 1358 totosque
565 1289 625 1340 nos
647 1277 683 1338 in
708 1275 974 1359 contemplandis
1002 1277 1099 1338 rebus

206 1379 505 1463 perspiciendisque
519 1384 691 1464 ponemus,
706 1385 878 1463 propterea
891 1379 983 1460 quod
995 1385 1031 1442 et
1045 1395 1099 1442 na·

206 1490 281 1548 tura
303 1486 390 1548 inest
404 1485 438 1548 in
455 1486 622 1547 mentibus
639 1483 758 1546 nostris
780 1477 978 1546 insatiabilis
1000 1504 1099 1565 quae·

206 1588 285 1650 dam
308 1588 474 1671 cupiditas
494 1589 560 1650 veri
583 1587 728 1667 videndi,
751 1592 786 1650 et
806 1589 883 1649 orae
905 1581 999 1669 ipsae
1014 1586 1099 1649 loco·

206 1711 280 1752 rum
302 1690 442 1767 illorum,
465 1705 532 1771 quo
554 1691 807 1773 pervenerimus,
829 1689 896 1772 quo
919 1690 1101 1753 faciliorem

208 1794 303 1856 nobis
318 1793 544 1877 cognitionem
555 1811 661 1856 rerum
674 1793 878 1871 caelestium,
890 1813 930 1856 eo
942 1794 1101 1877 majorem

207 1897 429 1980 cognoscendi
467 1897 687 1981 cupiditatem
721 1897 858 1959 dabunt
915 1896 967 1958 45.
1008 1897 1102 1960 Haec

208 2001 296 2062 enim
319 1999 527 2083 pulchritudo
550 2002 652 2063 etiam
674 2001 709 2062 in
732 2001 823 2063 terris
845 2001 986 2083 patriam
1009 2000 1101 2062 illam

207 2109 243 2165 et
264 2104 389 2201 avitam
414 2104 466 2189 (ut
488 2105 537 2167 ait
560 2103 822 2188 Theophrastus)
846 2103 1102 2186 philosophiam,

208 2207 407 2291 cognitionis
419 2208 602 2292 cupiditate
614 2209 794 2284 incensam,
804 2207 969 2284 excitavit.
1009 2207 1104 2270 Prae·

207 2312 305 2396 cipue
321 2333 396 2375 vero
411 2313 559 2375 fruentur
569 2331 620 2392 ea,
633 2311 689 2394 qui
702 2317 775 2374 tum
787 2311 900 2388 etiam,
912 2327 1030 2392 quum,
1043 2312 1103 2393 has

207 2423 308 2480 terras
320 2413 509 2496 incolentes,
520 2415 712 2480 circumfusi
721 2421 814 2478 erant
825 2413 975 2498 caligine,
986 2421 1102 2478 tamen

208 2524 279 2585 acie
295 2525 416 2586 mentis
431 2523 590 2606 dispicere
606 2504 801 2605 cupiebant*
1091 2599 1095 2606 Ι

213 2692 219 2704 ‚
253 2621 327 2687 XX.
352 2626 487 2686 Etenim
499 2625 527 2685 si
539 2643 628 2686 nunc
640 2623 766 2715 aliquid
778 2622 910 2703 assequi
922 2640 957 2684 se
971 2629 1103 2705 putant,

116 2717 121 2732 ⁸
207 2727 266 2808 qui
281 2727 405 2787 ostium
423 2722 522 2786 Ponti
536 2725 689 2788 viderunt
710 2733 745 2789 et
766 2744 823 2788 eas
839 2726 1023 2809 angustias,
1046 2745 1103 2810 per

207 2849 293 2910 quas
308 2827 492 2910 penetravit
503 2832 648 2910 eaquae
659 2834 710 2892 est
721 2825 894 2892 nominata
906 2829 1006 2912 Argo,
1022 2829 1103 2911 quia

210 2931 325 3014 Argivi
339 2931 374 2992 in
390 2949 440 3010 ea,
552 2997 562 3008 ,

781 3034 870 3088 delecti
888 3033 943 3098 otri,

208 3212 269 3293 aut
283 3227 316 3308 ii,
330 3231 388 3310 qui
406 3230 534 3293 Oceani
550 3232 632 3294 freta
646 3204 703 3293 illa
722 3230 886 3310 viderunt,

328 3349 462 3421 Europum
473 3351 626 3423 Lupercum
637 3364 722 3420 rapax
732 3351 776 3404 ubi
786 3351 875 3404 dividit
887 3350 975 3402 undu:

207 3455 298 3536 quod
312 3457 448 3521 tandem
464 3456 692 3540 spectaculum
711 3456 780 3518 iore
803 3463 976 3541 putamus,
996 3467 1098 3536 quum

370 3122 447 3188 Venti,
454 3122 573 3192 petebant
578 3122 671 3193 pidem
682 3121 829 3175 inauratum
840 3122 946 3186 crisme
