2450 4096
202 283 261 348 80·
471 303 624 346 souuruu
647 302 822 344 scrrrours.

203 493 244 534 ex
273 475 411 553 utraque
442 477 533 554 parte
563 471 730 549 subnixos,
761 470 947 555 obriguisse
981 473 1096 554 pruina

202 575 312 654 vides;
335 574 483 637 medium
499 581 613 637 autem
636 574 729 636 illum
753 580 787 637 et
808 575 996 636 maximum
1020 576 1098 639 solis

204 678 317 742 ardore
339 679 458 740 torreri.
503 677 579 741 Duo
603 684 682 740 sunt
712 677 925 758 habitabiles;
955 699 1099 760 quorum

204 782 356 845 australis
371 782 436 862 ille,
451 783 498 866 (in
515 803 581 864 quo
597 783 655 863 qui
671 782 839 862 insistunt,
856 782 993 844 adversa
1006 784 1099 845 vobis

204 894 323 972 urgent
345 887 515 970 vestigia)
533 886 614 948 nihil
637 885 681 948 ad
703 891 848 948 vestrum
873 907 986 970 genus.
1034 885 1100 949 Hic

204 998 319 1054 autern
342 990 423 1052 alter
445 991 613 1072 subjectus
639 991 797 1071 aquiloni,
820 1010 921 1071 quem
943 989 1099 1068 incolitis,

205 1116 298 1157 cerne
315 1115 416 1176 quam
439 1095 532 1156 tenui
554 1115 613 1156 vos
636 1101 728 1177 parte
751 1095 931 1178 contingat
978 1094 1099 1157 Omnis

204 1199 293 1260 enim
310 1205 402 1275 terra,
418 1219 504 1280 quae
516 1197 634 1260 colitur
649 1219 669 1259 a
684 1199 790 1278 vobis,
806 1204 949 1282 angusta
972 1200 1099 1262 vertici·

204 1304 277 1381 bus,
292 1302 448 1365 lateribus
467 1302 573 1380 latior,
595 1323 696 1386 parva
719 1302 884 1384 quaedam
906 1302 1018 1365 insula
1040 1309 1100 1380 est,

205 1407 406 1469 circumfusa
427 1407 484 1468 illo
507 1407 600 1483 mari,
629 1405 720 1487 quod
752 1406 970 1484 Atlanticum,
1008 1406 1100 1491 quod

205 1531 377 1596 magnum,
407 1532 506 1592 quern
539 1505 712 1573 Oceanum
737 1508 910 1599 appellatis
931 1510 966 1571 in
988 1511 1099 1571 terris:

206 1616 263 1696 qui
279 1622 403 1689 tamen,
414 1619 509 1676 tanto
525 1614 669 1692 nornine,
681 1633 783 1694 quarn
800 1613 843 1675 sit
855 1633 984 1696 parvus,
997 1613 1099 1675 vides.

207 1719 259 1780 Ex
276 1719 325 1789 his
341 1719 421 1800 ipsis
437 1717 535 1779 cultis
551 1719 704 1798 notisque
716 1718 816 1794 terris,
829 1737 909 1779 num
923 1722 1100 1795 auttuum,

206 1827 267 1883 aut
281 1821 480 1905 cujusquam
505 1826 653 1882 nostrum
676 1841 808 1899 nornen,
832 1820 882 1882 vel
908 1820 1100 1883 Caucasum

206 1927 304 2004 hunc,
326 1947 425 2007 quern
449 1927 564 2003 cernis,
586 1927 830 1988 transscendere
854 1925 973 2008 potuit,
989 1925 1039 1986 vel
1063 1925 1099 1986 il·

205 2030 277 2091 lum
303 2030 455 2111 Gangem
484 2027 714 2091 transnatare?
771 2027 860 2104 Quis
897 2029 931 2090 in
965 2020 1099 2110 reliquis

206 2133 341 2194 orientis
357 2139 417 2194 aut
432 2134 585 2194 obeuntis
602 2133 680 2194 solis
702 2131 829 2194 ultimis
852 2139 913 2194 aut
934 2132 1099 2213 aquilonis

207 2238 351 2298 austrive
374 2237 521 2319 partibus
544 2242 641 2298 tuum
665 2256 788 2298 nomen
811 2233 948 2297 audiet?
978 2237 1100 2318 quibus
1146 2278 1148 2280 -

207 2341 400 2424 amputatis,
416 2340 519 2403 cernis
542 2339 697 2422 profectu,
720 2339 854 2420 quantis
877 2339 910 2400 in
935 2339 1099 2422 angustiis

206 2452 316 2506 vestra
337 2465 372 2507 se
394 2443 499 2528 gloria
519 2443 649 2506 dilatari
670 2441 758 2504 velit.
804 2441 873 2525 Ipsi
896 2448 1020 2520 autern,
1042 2443 1101 2524 qui

207 2548 248 2611 de
264 2550 357 2612 vobis
373 2548 561 2631 loquuntur,
577 2568 679 2630 quam
695 2547 754 2609 diu
768 2545 969 2628 loquentur?

252 2653 331 2722 VII.
354 2652 478 2729 “Quin
495 2654 607 2730 etiarn,
619 2653 647 2713 si
663 2653 777 2735 cupiat
788 2651 894 2734 proles
909 2651 965 2713 illa
975 2641 1100 2714 futuro·

205 2775 280 2818 rum
305 2756 476 2817 hominum
500 2754 655 2837 deinceps
677 2755 793 2818 laudes
815 2757 916 2822 unius
939 2754 1100 2838 cujusque

207 2863 356 2921 nostrum
387 2877 407 2918 a
437 2858 584 2940 patribus
615 2865 768 2941 acceptas
794 2860 931 2943 posteris
956 2859 1099 2942 prodere,

206 2967 318 3024 tamen
336 2966 465 3044 propter
480 2960 648 3024 eluviones
664 2963 919 3044 exustionesque
931 2969 1099 3041 terrarum,

206 3085 291 3146 quas
321 3064 467 3127 accidere
498 3071 645 3148 ternpore
675 3072 763 3128 certo
793 3087 927 3128 necesse
943 3072 1002 3144 est,
1032 3087 1098 3129 non

206 3169 307 3232 modo
331 3175 509 3246 aeternam,
525 3170 583 3232 sed
598 3191 640 3232 ne
655 3168 846 3232 diuturnam
869 3168 1006 3252 quidem
1030 3168 1097 3254 glo·

205 3275 287 3336 riam
312 3271 445 3354 assequi
483 3294 668 3356 possumus.
716 3271 810 3348 Quid
826 3281 939 3335 autem
954 3273 1098 3350 interest,

206 3381 249 3440 ab
264 3379 315 3456 iis,
330 3378 388 3460 qui
410 3383 526 3460 postea
549 3382 734 3454 nascentur,
757 3397 942 3438 sermonem
965 3377 1034 3439 fore
1057 3375 1098 3438 de

205 3486 249 3559 te,
264 3502 367 3562 quum
385 3481 483 3542 abiis
499 3479 609 3542 nullus
625 3480 731 3557 suerit,
749 3481 894 3562 quiante
910 3481 981 3543 nati
997 3477 1097 3542 sunt?
