2450 4096
197 235 241 302 48
363 257 626 302 auscuunuinuu
648 257 922 301 mseumnmuuu

187 415 259 492 *nec
275 439 391 482 sensus
413 421 445 482 in
470 425 617 482 mortuo:
641 439 805 482 necarere
828 419 963 500 quidem
987 419 1092 503 igitur

198 522 378 586 in'mortuo
395 529 452 584 est.

243 625 426 700 XXXVII.
471 625 521 689 89.
547 625 765 707 Quamquam
782 627 862 707 quid
878 647 963 709 opus
979 632 1030 688 est
1051 628 1088 689 in

199 730 261 792 hoc
284 728 513 812 philosophari,
535 749 641 810 quum
662 749 731 791 rem
754 749 820 790 non
844 750 967 812 magno
990 751 1091 812 opere

199 815 407 914 philosophia
422 851 516 914 egere
531 829 726 892 videamus?
774 828 918 905 Quoties
933 850 1000 891 non
1017 852 1088 892 mo·

200 933 243 994 do
266 919 418 994 ductores
441 934 550 1009 nostri,
573 932 630 994 sed
645 933 788 994 universi
803 933 905 994 etiam
925 933 1088 995 exercitus

200 1033 242 1095 ad
266 1053 331 1096 non
354 1013 489 1122 dubiam
513 1041 650 1098 mortem
677 1019 926 1097 concurrerunt!
985 1034 1086 1110 Quae

199 1135 332 1216 quidem
356 1137 384 1197 si
399 1125 575 1214 timeretur,
591 1157 655 1199 non
675 1136 712 1198 L.
729 1137 862 1214 Brutus,
877 1157 990 1198 arcens
1006 1157 1084 1198 eum

199 1238 305 1300 reditu
320 1245 506 1322 tyrannum,
522 1259 620 1320 quem
636 1240 707 1322 ipse
723 1238 899 1322 expulerat,
914 1239 948 1300 in
961 1239 1085 1321 proelio

199 1341 413 1419 concidisset;
444 1361 508 1402 non
531 1361 607 1403 cum
640 1341 770 1403 Latinis
799 1340 968 1403 decertans
991 1349 1086 1423 pater

199 1441 330 1521 Decius,
342 1465 419 1506 cum
432 1443 580 1506 Etruscis
591 1441 689 1520 filius,
701 1463 777 1504 cum
791 1441 911 1526 Pyrrho
923 1463 1036 1525 nepos,
1048 1464 1085 1504 sc

199 1547 343 1609 hostium
359 1547 433 1609 telis
449 1547 662 1628 objecissent;
684 1567 748 1609 non
766 1568 833 1608 uno
850 1546 933 1608 bello
954 1566 1011 1629 pro
1026 1569 1084 1630 pa·

198 1650 261 1710 tria
275 1649 430 1710 cadentes
455 1648 626 1731 Scipiones
644 1649 807 1732 Hispania
822 1649 966 1727 vidisset,
986 1649 1084 1712 Paul·

198 1749 268 1812 lum
291 1757 325 1813 et
349 1751 529 1814 Geminum
549 1752 694 1830 Cannae,
712 1751 863 1813 Venusia
879 1751 1084 1831 Marcellum,

201 1852 323 1915 Litana
350 1853 517 1931 Albinum,
550 1853 702 1916 Lucania
734 1854 929 1916 Gracchum.
989 1855 1084 1916 Num

198 1957 273 2035 quis
303 1956 419 2017 horum
449 1957 547 2018 miser
576 1955 697 2019 hodie?
756 1957 808 2018 Ne
843 1962 917 2018 tum
947 1957 1084 2037 quidem

198 2064 275 2141 post
290 2059 437 2141 spiritum
455 2065 646 2121 extremum.
692 2059 763 2121 Nec
779 2060 866 2121 enim
885 2065 1085 2141 potestesse

198 2160 297 2222 miser
310 2161 485 2241 quisquam
502 2142 598 2224 sensu
615 2168 792 2244 perempto.

241 2263 291 2325 90.
315 2265 362 2326 At
376 2263 410 2325 id
427 2265 532 2346 ipsum
551 2265 702 2326 odiosum
719 2269 778 2342 est,
794 2266 985 2353 sine‘sensu
1000 2285 1084 2328 esse.

197 2405 240 2416 -
253 2368 428 2448 Odiosum,
444 2369 472 2430 si
487 2369 521 2430 id
536 2374 623 2430 esset
633 2387 748 2429 carere.
795 2366 911 2443 Quum
926 2388 1000 2430 vero
1013 2389 1083 2451 per-

198 2472 350 2554 spicuum
367 2472 419 2549 sit,
435 2471 514 2532 nihil
530 2491 625 2554 posse
641 2471 675 2531 in
691 2489 731 2530 eo
746 2490 826 2547 esse,
848 2471 906 2550 qui
927 2471 998 2552 ipse
1013 2491 1083 2532 non

198 2575 258 2650 sit;
281 2573 360 2654 quid
386 2581 496 2656 potest
524 2594 595 2634 esse
617 2574 651 2634 in
683 2593 722 2634 eo
751 2571 914 2650 odiosum,
940 2574 999 2653 qui
1020 2594 1084 2635 nec

198 2681 315 2750 careat,
338 2695 398 2734 nec
420 2673 566 2734 sentiat?
608 2673 824 2756 Quamquam
855 2675 916 2736 hoc
945 2675 1082 2755 quidem

198 2776 295 2835 nimis
318 2792 435 2856 saepe3
458 2773 515 2836 sed
545 2795 593 2852 eo,
613 2777 704 2856 quod
725 2779 759 2838 in
782 2778 844 2839 hoc
864 2777 951 2838 inest
973 2778 1083 2839 omnis

200 2877 301 2938 animi
323 2877 503 2938 contractio
526 2897 565 2938 ex
592 2885 683 2940 metu
705 2881 829 2944 mortis.
892 2879 962 2956 Qui
991 2882 1081 2942 enim

198 2980 277 3041 satis
293 2980 417 3058 viderit,
433 2981 465 3042 id
482 2980 571 3061 quod
594 2987 645 3042 est
667 2982 739 3044 luce
761 2982 889 3060 clarius,
912 2984 1024 3044 animo
1047 2989 1083 3046 et

198 3103 328 3164 corpore
351 3089 548 3166 consumpto
564 3090 702 3164 totoque
725 3087 894 3146 animante
917 3085 1024 3147 deleto
1047 3091 1082 3148 et

199 3187 285 3248 facto
301 3186 433 3247 interitu
448 3189 609 3264 universo,
625 3187 706 3248 illud
721 3187 854 3264 animal,
869 3186 958 3268 quod
974 3189 1081 3265 fuerit,

196 3290 322 3352 factum
338 3309 409 3349 esse
431 3289 521 3365 nihil,
535 3289 564 3350 is
580 3289 676 3370 plane
692 3291 874 3372 perspiciet,
890 3291 974 3352 iuter
998 3289 1081 3372 Hip·

197 3397 443 3476 pocentaurum,
473 3391 530 3472 qui
559 3411 731 3472 nunquam
760 3393 867 3470 fuerit,
901 3397 936 3454 et
969 3411 1081 3476 regem

1188 303 1210 849 i

1188 853 1213 1966 i

1199 1971 1213 2558 i

1204 2561 1213 3118 i
