2420 4102
355 303 457 346 urnas
480 305 501 346 r.
547 305 618 347 car.
640 304 726 348 xxn.
936 280 980 346 27

83 493 225 554 mosque
240 472 337 553 quasi
351 473 461 555 capite
488 471 666 536 damnatos
688 477 794 534 morte
815 470 979 560 Q:

82 597 194 656 neque
217 575 307 638 aliud
331 582 382 638 est
410 576 606 657 quidquam,
628 597 686 638 cur
707 575 906 638 incredibilis
929 575 979 637 his

83 680 275 742 animorum
297 679 449 742 videatur
471 681 658 757 aeternitas,
674 680 738 742 nisi
753 679 844 761 quod
860 699 980 760 neque·

82 787 157 859 unt,
172 782 281 862 qualis
297 783 429 846 animus
445 783 489 846 sit
503 803 627 848 vacans
642 803 785 865 corpore,
799 781 981 865 intelligere

83 889 120 946 et
142 885 345 967 cogitatione
368 883 651 967 comprehendere.
699 884 810 960 Quasi
835 905 909 946 vero
933 885 967 950 iu

82 986 246 1068 telligant,
260 987 370 1068 ,qualis
386 988 479 1050 sitin
494 988 568 1072 ipso
588 1009 732 1071 corpore,
753 1009 840 1069 quae
856 989 982 1052 confor-

84 1091 202 1168 matio,
223 1112 311 1172 quae
341 1091 550 1175 magnitudo,
571 1093 630 1173 qui
651 1091 763 1172 locus3
792 1098 840 1170 ut,
862 1093 891 1156 si
909 1093 981 1176 jam

83 1199 222 1276 possent
236 1195 271 1255 in
288 1195 421 1269 homine
436 1195 512 1262 vivo
528 1196 616 1260 cerni
638 1196 762 1274 omnia,
783 1216 870 1278 quae
892 1217 982 1260 nunc

83 1303 177 1360 tecta
198 1303 286 1376 sunt,
308 1319 489 1371 casurusne
518 1300 553 1363 in
583 1306 800 1383 conspectum
829 1299 982 1362 videatur

11 1439 12 1442 =
84 1401 229 1479 animus,
252 1423 295 1464 au
325 1408 421 1468 tanta
451 1403 495 1467 sit
522 1402 595 1486 ejus
625 1403 784 1483 tenuitas,
812 1409 852 1465 ut
873 1404 982 1486 fugiat

11 1535 12 1538 ¹
84 1505 203 1578 aciem.
247 1504 299 1570 51.
323 1505 418 1571 Haec
432 1511 587 1590 reputent
600 1505 667 1583 isti,
682 1506 740 1587 qui
764 1513 896 1589 negant,
912 1507 982 1568 ani-

83 1629 182 1675 mum
212 1608 283 1672 sine
312 1629 445 1692 corpore
474 1630 510 1674 se
538 1608 720 1692 intelligere
750 1629 865 1691 posse:
894 1609 982 1671 vide·

83 1713 180 1788 bunt,
203 1729 303 1793 quem
325 1713 360 1774 in
383 1714 456 1795 ipso
485 1733 618 1796 corpore
647 1711 843 1796 intelligant.
898 1711 982 1775 Mihi
1065 1746 1068 1751 ·
1147 1701 1151 1707 ’

85 1816 235 1897 quidem,
250 1821 403 1878 naturam
420 1817 524 1879 animi
536 1818 689 1894 intuenti,
702 1817 807 1880 multo
821 1815 983 1879 difficilior

81 1920 227 1992 occurrit
241 1921 401 2004 cogitatio
417 1920 589 2002 multoque
602 1921 779 2000 obscurior,
794 1920 903 2002 qualis
915 1921 983 1982 ani-

84 2043 165 2085 mus
193 2045 229 2084 sn
253 2041 387 2106 corpore
416 2024 469 2102 sit,
494 2029 670 2105 tamquam
701 2024 829 2110 alienae
855 2023 982 2102 domui,

85 2147 191 2207 quam
206 2126 325 2206 qualis,
341 2149 445 2209 quum
458 2127 575 2190 exierit
590 2129 672 2191 etin
688 2128 828 2192 liberum
851 2128 982 2191 caelum
1034 2178 1038 2183 .

85 2229 187 2311 quasi
209 2228 347 2298 domurn
371 2250 467 2292 suam
486 2232 624 2294 uenerit.
670 2232 744 2295 Nisi
767 2233 866 2308 enim,
892 2231 983 2313 quod

84 2353 263 2413 nunquam
285 2332 440 2411 vidimus,
462 2333 497 2396 id
519 2334 616 2416 quale
639 2335 691 2412 sit,
713 2334 893 2417 intelligere
915 2355 983 2396 non

86 2455 287 2518 pos-eumue,
310 2438 404 2513 certe,
414 2443 448 2498 et
462 2437 562 2500 deum
575 2438 696 2520 ipsum,
709 2442 743 2499 et
753 2437 903 2499 divinum
913 2437 983 2498 ani-

87 2561 195 2617 mum,
214 2561 349 2624 corpore
370 2540 557 2619 liberatum,
579 2541 782 2624 cogitatione
804 2539 983 2623 complecti

87 2663 279 2727 possumus
316 2643 538 2708 Dicaearchus
553 2644 689 2726 quidem
704 2649 739 2706 et
756 2644 982 2722 Aristoxenus,

87 2747 171 2828 quia
192 2746 334 2813 difficilis
355 2753 427 2810 erat
449 2749 563 2826 animi,
585 2748 666 2830 quid
689 2754 750 2811 aut
764 2748 872 2830 qualis
887 2754 983 2827 esset,

88 2849 318 2934 intelligentia,
334 2850 464 2915 nullum
478 2853 618 2914 omuino
634 2852 785 2916 animum
808 2873 879 2914 esse
894 2851 985 2914 dixe·

87 2958 175 3020 mut

26 3089 28 3138 ι
133 3056 185 3118 52.
209 3056 273 3120 Est
301 3057 384 3122 illud
410 3059 546 3141 quidem
571 3059 623 3122 vel
647 3060 844 3139 maximum,
870 3058 985 3122 animo

90 3161 165 3243 ipso
195 3161 345 3224 animum
375 3162 502 3224 videre:
525 3168 560 3225 et
589 3164 742 3225 nimirum
775 3164 860 3224 hanc
886 3163 985 3224 habet

89 3266 160 3330 vim
190 3271 403 3350 pracceptum
429 3265 602 3349 Apollinis,
631 3287 698 3348 quo
728 3273 851 3343 monet,
881 3272 920 3327 ut
949 3285 984 3325 se

91 3366 233 3451 quisque
255 3375 381 3432 noscat.
427 3370 504 3432 Non
520 3371 619 3446 enirn,
635 3369 740 3446 credo,
763 3368 796 3430 id
817 3367 985 3450 praecipit,

92 3477 132 3535 ut
153 3473 302 3554 membra
324 3479 437 3552 nostra
457 3479 519 3536 aut
541 3478 700 3544 staturam
724 3471 906 3555 figuramve
929 3489 984 3531 no·
