2420 4102
326 337 427 380 ursan
448 338 470 379 r.
515 312 585 380 osi.
607 339 702 381 xxrv.
725 339 804 382 xxv.
943 318 985 384 31

98 503 164 564 nisi
180 503 322 579 animus,
345 508 524 583 antequam
548 504 581 564 in
604 524 721 586 corpus
743 504 936 583 intravisset,
950 506 984 568 in

98 625 206 667 rerum
222 607 410 688 cognitione
421 607 587 688 viguisset.
631 606 682 669 58.
709 607 889 688 Quumque
905 609 987 672 nihil

99 714 196 785 esset,
211 714 250 792 ut
265 711 419 770 omnibus
433 707 514 770 locis
529 730 549 770 a
566 709 704 771 Platone
719 711 901 773 disseritur:
926 712 986 795 (ni-

33 887 36 892 Ι
99 811 146 872 hil
168 811 267 872 cnim'
280 817 376 893 putat
398 831 479 888 esse,
508 811 598 892 quod
628 813 751 873 oriatur
779 819 813 875 et
837 803 985 891 intereat,

99 913 201 993 idque
224 913 332 974 solum
358 933 439 990 esse,
461 913 551 994 quod
575 911 702 996 semper
722 913 788 995 tale
814 915 865 992 sit,
888 915 985 996 quale

99 1009 187 1082 ἰδέαν
204 1021 350 1106 appellat
364 1021 427 1101 ille,
441 1045 502 1085 nos
518 1026 651 1101 speciem
661 1024 686 1107 ;)
711 1045 777 1086 non
793 1027 903 1107 potuit
918 1027 985 1088 ani·

98 1147 175 1188 mus
190 1125 272 1188 haec
286 1127 320 1187 in
336 1125 629 1208 corpore‘inclusus
645 1147 829 1209 agnoscere,
851 1121 1000 1211 cognital
1016 1159 1052 1178 a·

99 1227 231 1289 attulit:
253 1249 293 1290 ex
309 1233 459 1308 quotam
477 1226 653 1289 multarum
669 1245 775 1290 rerum
788 1231 984 1312 cognitionis

99 1331 278 1392 admiratio
290 1329 421 1391 tollitur.
460 1327 576 1411 Neque
586 1351 625 1390 ea
636 1330 731 1412 plane
744 1331 834 1392 videt
844 1332 985 1408 animus,

99 1453 205 1514 quum
220 1439 352 1514 repente
367 1433 400 1493 in
423 1438 493 1493 tam
516 1433 685 1494 insolitum
707 1441 843 1512 tamque
865 1439 985 1515 pertur-

99 1539 215 1597 batum
240 1527 444 1596 domicilium
480 1535 701 1617 immigravit;
738 1535 793 1596 sed
820 1557 920 1612 quum
951 1557 985 1596 sc

99 1637 232 1720 collegit
247 1647 347 1718 atque
361 1637 525 1714 recreavit,
548 1643 621 1698 tum
644 1637 794 1720 agnoscit
815 1635 870 1697 illa
891 1637 985 1697 remi·

98 1740 267 1802 niscendo.
313 1740 364 1801 Ita
380 1739 461 1800 nihil
476 1745 526 1800 est
541 1737 632 1800 aliud
646 1738 777 1815 discere,
800 1739 864 1800 nisi
885 1759 985 1801 recor·

99 1843 180 1905 dari.

140 1943 193 2005 59.
216 1941 291 2026 Ego
321 1947 435 2005 autem
464 1942 586 2025 majore
616 1943 717 2003 etiam
747 1941 892 2022 quodam
917 1961 984 2003 mo·

97 2045 142 2108 do
163 2046 357 2108 memoriam
380 2046 528 2107 admiror.
591 2043 685 2120 Quid
706 2049 757 2106 est
778 2045 867 2105 enim
892 2043 985 2124 illud,

98 2169 165 2228 quo
195 2132 434 2210 meminimus?
465 2153 525 2232 aut
543 2167 654 2228 ,quam
684 2147 783 2208 habet
811 2145 904 2208 vim?
926 2153 986 2209 aut

97 2251 187 2312 unde
210 2247 386 2312 naturam?
432 2249 509 2311 Non
524 2269 657 2330 quaem,
679 2255 805 2330 quanta
827 2250 986 2310 memoria

101 2352 292 2416 Simonides
321 2353 423 2413 fuisse
452 2352 588 2428 dicatur,
618 2357 745 2432 quanta
772 2347 985 2425 Theodectes,

99 2460 227 2536 quanta
241 2456 279 2531 is,
294 2455 351 2535 qui
367 2474 387 2515 a
404 2454 524 2537 Pyrrho
539 2454 668 2536 legatus
692 2453 734 2514 ad
759 2453 919 2514 Senatum
936 2458 986 2512 est

99 2558 230 2633 missus,
249 2557 378 2633 Cineas,
393 2563 519 2636 quanta
534 2575 637 2636 nuper
655 2552 868 2629 Charmadas,
883 2573 985 2632 quan·

99 2665 144 2736 ta,
159 2659 218 2739 qui
236 2657 336 2719 modo
352 2659 423 2735 fuit,
442 2655 598 2740 Scepsius
624 2655 838 2731 Metrodorus,
861 2661 986 2734 quanta

101 2767 209 2822 noster
233 2759 447 2837 Hortensius3
470 2758 510 2819 dc
533 2757 703 2820 communi
727 2757 897 2818 hominum
920 2779 985 2818 me-

102 2864 205 2924 moria
226 2861 351 2942 loquor,
367 2867 400 2922 et
424 2880 538 2922 eorum
561 2862 714 2938 maxime,
737 2861 849 2940 quiin
874 2860 986 2940 aliquo

103 2965 224 3047 majore
239 2963 349 3025 studio
366 2969 399 3025 et
414 2969 481 3023 arte
496 2970 683 3024 versantur:
706 2982 845 3042 quorum
861 2969 986 3042 quanta

104 3086 195 3128 mens
211 3068 264 3143 sit,
280 3064 410 3127 difficile
426 3069 477 3126 est
497 3065 700 3142 existimare3
722 3065 771 3125 ita
792 3063 898 3125 multa
921 3085 986 3124 me-

104 3171 275 3230 minerunt

147 3269 258 3335 XXV.
303 3269 354 3332 60.
380 3270 531 3346 Quorsus
546 3271 646 3352 igitur
667 3271 747 3332 haec
770 3273 897 3351 spectat
918 3288 986 3328 ora·

104 3371 176 3435 tio?
223 3373 322 3449 Quae
337 3373 381 3435 sit
394 3373 452 3434 illa
465 3374 515 3434 vis
531 3379 564 3435 et
575 3372 662 3433 unde
675 3373 726 3448 sit,
737 3367 986 3452 intelligendum

106 3479 194 3558 puto.
239 3472 317 3538 Non
331 3481 382 3538 est
396 3479 482 3537 cene
505 3495 565 3540 nec
587 3473 701 3552 cordis,
724 3495 784 3536 nec
807 3467 987 3551 sanguinis,
