2450 4096
402 334 555 377 sonuum
578 335 752 378 scrpronrs.
981 314 1024 377 77

132 521 199 579 vos,
221 506 261 563 ut
283 522 304 562 a
329 501 439 564 Graiis
454 503 638 585 accepistis,
654 504 765 563 orbem
780 501 924 564 lacteum
943 523 1043 590 nun-¹

132 606 302 688 cupatis'’:
326 627 364 667 ex
380 628 446 687 quo
463 607 575 669 omnia
592 606 673 667 mihi
688 605 926 688 contemplanti
938 627 1024 687 prae-

132 709 218 771 clara
240 715 347 771 cetera
364 717 396 772 et
412 710 575 772 mirabilia
591 709 797 773 videbantur.
844 709 949 772 Erant
967 731 1023 772 au·

131 819 198 876 tem
228 835 288 876 eae
318 815 441 891 stellae,
471 835 554 895 quas
585 835 757 894 nunquam
789 835 828 875 ex
859 815 921 876 boc
950 813 1023 878 loco

132 917 286 994 vidimus,
317 922 351 979 et
373 939 432 978 eae
468 917 716 1001 magnitudines
749 900 910 995 omnium,
939 939 1023 999 quas

132 1039 202 1079 esse
225 1038 397 1099 nunquam
421 1019 580 1101 suspicati
603 1037 737 1098 sumus;
760 1040 800 1080 ex
818 1021 939 1101 quibus
955 1025 1023 1082 erat

130 1122 186 1183 illa
209 1122 359 1201 minima,
382 1143 469 1203 quae
492 1122 610 1185 ultima
633 1143 653 1184 a
676 1123 776 1201 caelo,
792 1125 907 1186 citima
922 1125 1023 1203 terris,

131 1223 203 1286 luce
219 1225 351 1288 lucebat
366 1225 483 1288 aliena.
531 1225 708 1288 Stellarum
725 1233 838 1289 autem
854 1227 945 1310 globi
960 1234 1020 1290 ter-

130 1350 184 1390 rae
209 1331 474 1412 magnitudinem
497 1331 592 1392 facile
615 1332 800 1393 vincebant.
849 1331 926 1394 Jam
950 1334 1023 1416 ipsa

127 1439 214 1496 terra
244 1435 291 1496 ita
320 1435 402 1496 mibi
433 1456 533 1516 parva
562 1435 634 1496 visa
670 1439 728 1511 est,
758 1441 797 1496 ut
819 1456 873 1496 me
893 1436 1023 1519 imperii

131 1540 242 1616 nostri,
258 1560 324 1620 quo
340 1541 436 1620 quasi
452 1545 614 1622 punctum
630 1539 701 1622 ejus
717 1541 923 1623 attingimus,
946 1561 1022 1624 poe-

130 1644 256 1706 niteret.

131 1768 136 1778 ·
175 1746 236 1808 IV.
263 1747 497 1828 Quamquam
521 1749 628 1831 magis
650 1749 801 1827 intuerer,
824 1755 841 1788 “
855 1748 1020 1827 Quaeso?

129 1852 239 1932 inquit
263 1852 448 1928 Africanus
471 1859 673 1933 “quousque
697 1852 789 1914 humi
821 1851 930 1914 defixa
962 1859 1022 1914 tua

130 1953 331 2016 meuserit?
391 1955 512 2018 Nonne
542 1955 695 2038 adspicis,
725 1977 811 2037 quae
840 1957 873 2017 in
897 1955 1022 2038 templa

129 2057 280 2121 veneris?
326 2058 456 2121 Novem
472 2059 533 2122 tibi
549 2061 691 2137 orbibus,
707 2060 757 2123 vel
774 2062 884 2143 potius
907 2060 1021 2144 globis,

52 2176 56 2184 ’
130 2184 280 2225 connexa
296 2169 374 2225 sunt
388 2164 519 2225 omnia:
542 2184 683 2244 quorum
698 2185 785 2227 unus
801 2170 852 2227 est
863 2164 1022 2241 caelestis,

130 2267 281 2345 extimus,
308 2266 366 2348 qui
387 2265 530 2347 reliquos
545 2288 661 2328 omnes
677 2267 912 2350 complectitur,
934 2289 1021 2329 sum·

131 2390 206 2431 mus
222 2370 292 2452 ipse
308 2369 400 2447 deus,
417 2391 529 2432 arcens
546 2376 579 2432 et
595 2371 767 2432 continens
790 2376 923 2447 ceteros
934 2371 1021 2432 —in

131 2494 197 2554 quo
213 2471 306 2535 infixi
323 2480 400 2534 sunt
415 2473 471 2551 illi,
486 2474 545 2554 qui
560 2473 745 2550 volvuntur,
768 2472 935 2534 stellarum
951 2494 1020 2534 cur·

130 2599 188 2640 sus
218 2579 427 2661 sempiterni,
450 2579 505 2640 cui
531 2577 670 2660 subjecti
696 2582 775 2640 sunt
801 2582 937 2660 septem,
963 2577 1022 2658 qui

130 2688 300 2744 versantur
321 2688 415 2759 retro,
438 2681 599 2743 contrario
623 2686 718 2743 motu
750 2686 850 2762 atque
874 2680 1021 2760 caelum;

131 2806 170 2846 ex
193 2785 315 2866 quibus
338 2806 443 2847 unum
467 2784 603 2867 globum
627 2785 774 2868 possidet
788 2784 854 2864 illa,
870 2807 971 2867 quam
986 2785 1021 2847 in

129 2891 221 2951 terris
247 2881 440 2951 Saturniam
470 2890 661 2968 nominant;
691 2891 809 2952 deinde
839 2896 890 2952 est
919 2891 1021 2953 bomi-

130 2993 339 3074 num'generi
354 3013 527 3075 prosperus
543 2997 576 3054 et
592 2992 744 3055 salutaris
764 2993 818 3054 ille
833 2993 948 3075 fulgor,
964 2994 1020 3074 qui

130 3095 252 3157 dicitur
279 3095 392 3174 Jovis3
422 3100 494 3158 tum
525 3095 643 3157 rutilus
673 3095 898 3176 horribilisque
921 3097 1021 3173 terris,

130 3220 229 3280 quem
257 3198 415 3261 Martium
438 3198 565 3277 dicitis;
588 3198 707 3259 deinde
737 3200 848 3260 subter
876 3198 1022 3260 mediam

130 3302 195 3364 fere
216 3303 386 3385 regionem
412 3302 471 3364 Sol
493 3303 629 3379 obtinet,
660 3301 727 3363 dux
757 3307 791 3364 et
818 3302 966 3385 princeps
989 3306 1023 3363 et

131 3407 318 3474 moderator
346 3406 511 3469 luminum
541 3407 750 3486 reliquorum,
780 3405 885 3467 mens'
905 3405 1023 3467 mundi

131 3516 165 3572 et
179 3511 385 3594 temperatim
399 3516 496 3573 tanta
510 3510 750 3594 magnitudine,
765 3515 804 3572 ut
826 3513 947 3571 cuncta
961 3528 1023 3572 sua
