2450 4096
209 261 253 328 54
375 282 640 328 noscunnnnnun
663 283 939 328 ursrurnrrorunr

210 456 337 536 gentnr,
354 471 414 514 nec
429 452 510 516 mihi
524 452 588 535 ipsi
612 451 674 516 hoc
697 452 820 516 accidit
841 453 958 516 fortuit
981 497 988 514 .
1035 452 1120 516 Nec

211 576 286 618 vero
309 576 371 640 ego
393 557 444 632 iis,
467 576 488 618 a
510 557 632 637 quibus
656 555 834 620 accusatus
858 561 918 619 aut
940 577 962 618 a
984 557 1119 638 quibus

210 659 451 724 condemnatus
467 679 552 738 sum,
568 659 674 724 habeo
695 660 786 741 quod
801 681 1028 738 succenseam,
1043 661 1118 722 nisi

211 765 302 847 quod
317 765 398 827 mihi
414 785 530 828 nocere
546 784 581 826 se
597 763 833 849 crediderunt'’
878 763 926 827 Et
941 765 1024 826 haec
1038 765 1119 846 qui-

211 867 288 932 dem
310 869 373 931 hoc
388 869 498 932 modo.
544 867 636 932 Nihil
659 873 774 930 autem
797 867 917 930 melius
940 869 1117 930 extremos
1216 877 1220 893 ⁸

211 971 308 1034 “Sed
330 977 462 1054 tempus
484 972 562 1049 est,”
585 971 704 1053 inquit,
726 971 821 1054 “jam
845 970 922 1034 hinc
937 972 1027 1032 abire
1045 991 1116 1049 me,

210 1081 250 1138 ut
271 1074 408 1154 moriar;
430 1095 499 1152 voS,
515 1080 553 1138 ut
567 1076 672 1138 vitam
687 1075 805 1158 agatis.
851 1073 972 1138 Utrum
992 1079 1116 1136 autem

211 1178 256 1242 sit
270 1178 398 1257 melius,
413 1178 460 1242 dii
474 1178 677 1242 immortales
700 1179 827 1259 sciunt3
850 1178 1020 1241 hominem
1036 1179 1116 1260 qui-

211 1281 289 1346 dem
305 1283 385 1345 scire
401 1283 536 1346 arbitror
551 1283 749 1347 neminem.”

256 1385 368 1452 XLII.
387 1387 460 1450 Nae
475 1406 538 1471 ego
551 1386 641 1450 haud
653 1385 765 1470 paullo
777 1386 866 1448 hunc
876 1385 1027 1448 animum
1041 1406 1116 1448 ma·

211 1489 280 1571 lim,
295 1513 398 1574 quam
414 1513 527 1555 eorum
546 1491 699 1554 omnium
721 1491 881 1568 fortunas,
897 1490 955 1572 qui
978 1489 1020 1552 de
1045 1489 1114 1554 hoc

208 1596 458 1679 judicaverunt:
481 1596 552 1674 etsi,
568 1595 659 1677 quod
674 1600 801 1678 praeter
816 1594 896 1657 deos
912 1599 1015 1678 negat
1025 1595 1112 1656 scire

212 1719 426 1780 quemquam,
440 1698 476 1760 id
491 1699 555 1761 soit
567 1699 649 1782 ipse,
664 1705 776 1762 utrum
799 1699 843 1762 sit
865 1698 1004 1778 melius;
1026 1718 1111 1760 nam

212 1801 297 1864 dixit
311 1808 406 1882 ante3
429 1801 487 1864 sed
503 1823 603 1866 suum
625 1802 717 1880 illud,
738 1802 821 1868 nihil
839 1808 879 1865 ut
893 1801 1045 1882 affirmet,
1059 1807 1112 1864 te-

212 1911 269 1970 net
291 1905 335 1969 ad
356 1912 550 1970 extremum.
594 1904 667 1968 100.
691 1905 763 1968 Nos
786 1911 899 1968 autem
920 1910 1111 1984 teneamus,

212 2015 251 2072 ut
265 2009 346 2080 nihil
361 2031 556 2074 censeamus
572 2029 643 2072 esse
666 2009 803 2087 malum,
826 2008 917 2090 quod
940 2008 984 2070 sit
1005 2029 1027 2070 a
1047 2029 1110 2070 na·
1222 1997 1224 2006 ’

133 2113 135 2116 ’
211 2119 286 2176 tura
307 2114 425 2177 datum
448 2116 613 2193 omnibus,
642 2114 944 2199 intelligamusque,
967 2113 996 2175 si
1017 2133 1108 2176 mors

211 2216 339 2280 malurn
370 2218 422 2296 sit,
451 2238 523 2280 esse
553 2219 792 2302 sempiternum
814 2217 951 2280 malum.
1015 2216 1108 2280 Nam

211 2322 300 2386 vitae
322 2323 461 2386 miserae
483 2343 571 2386 mors
593 2321 669 2386 finis
696 2343 768 2385 esse
789 2322 936 2403 videtur;
965 2342 1053 2386 mors
1077 2323 1108 2385 si
1153 2372 1158 2378 .

212 2433 263 2491 est
277 2427 406 2507 misera,
421 2425 496 2490 finis
512 2448 583 2490 esse
599 2426 709 2491 nullus
728 2432 846 2510 potest

257 2531 323 2595 Sed
355 2532 436 2613 quid
465 2553 528 2616 ego
555 2530 726 2595 Socratem
756 2534 816 2592 aut
854 2529 1107 2608 Theramenem,
1221 2561 1224 2594 ·:

212 2641 416 2717 praestantes
445 2636 532 2696 viros
561 2634 691 2696 virtutis
721 2639 756 2695 et
781 2633 964 2716 sapientiae
991 2632 1106 2716 gloria,

212 2734 459 2798 commemoro?
495 2756 600 2816 quum
637 2735 926 2800 Lacedaemonius
956 2736 1106 2818 quidam,

212 2837 306 2919 cujus
329 2857 371 2898 ne
394 2857 514 2898 nomen
538 2836 672 2917 quidem
696 2839 863 2922 proditum
879 2844 941 2919 est,
964 2845 1106 2901 mortem

211 2945 306 3002 tanto
329 2959 426 3023 opere
448 2942 691 3023 contempserit,
707 2948 745 3004 ut
759 2962 865 3023 quum
888 2941 1022 3004 adeam
1045 2940 1125 3002 du·.

212 3049 345 3121 ceretur,
367 3042 545 3106 damnatus
576 3046 618 3106 ab
649 3043 801 3128 EphoriS,
831 3051 865 3106 et
894 3049 981 3108 esset
1009 3042 1106 3106 vultu

212 3146 304 3211 hilari
328 3151 427 3228 atque
449 3147 548 3226 laeto,
570 3147 773 3228 dixissetque
789 3147 821 3210 ei
836 3147 973 3229 quidam
996 3146 1105 3208 inimi·

212 3269 281 3331 cus,
311 3249 528 3315 Contemnisoe
560 3252 647 3334 leges
675 3250 852 3333 Inoorgi?
893 3248 1105 3333 responderit,

213 3358 289 3442 Ego
304 3375 381 3420 vero
396 3357 446 3418 illi
460 3356 630 3419 maximam
641 3355 787 3438 gratiam
803 3355 914 3431 lrobw,
925 3354 982 3432 qui
999 3372 1049 3416 me
1066 3372 1107 3415 ea

210 3481 315 3542 poena
342 3461 534 3538 multaverit,
556 3479 650 3538 quom
672 3459 741 3521 sine
763 3456 958 3521 mutuatione
982 3462 1013 3520 et
1035 3456 1105 3520 sine
