2450 4096
348 323 723 382 mmmmmm
941 319 1046 398 Μ,

69 508 184 590 vquasi
205 507 345 571 decurso
367 509 486 592 spatio,
509 507 550 570 ad
575 528 718 571 carceres
741 507 768 570 a*
784 505 873 570 calce
893 527 983 571 reve·

84 613 162 674 cari.
211 611 305 689 Quid
332 613 422 674 enirn
452 612 552 674 habet
581 613 650 674 vita
680 610 872 674 commodi?
902 611 982 694 quid

84 737 153 778 non
176 719 291 799 potius
314 715 488 778 laborisi'
522 715 590 779 Sed
613 716 735 778 habeat
757 735 854 796 sane3
884 716 985 778 habet

83 825 173 882 certe
196 825 311 882 tamen
335 826 395 882 aut
410 820 608 897 satietatem,
628 823 688 882 aut
710 819 859 883 modum.
906 819 984 882 Non

86 922 185 1002 lubet⁸
194 924 286 986 enirn
303 924 386 986 mihi
400 923 569 1007 deplorare
584 925 699 1002 vitam,
714 923 805 1005 quod
820 923 927 1002 multi,
950 929 985 986 et

83 1028 109 1089 ii
124 1028 227 1105 docti,
244 1048 344 1110 saepe
359 1028 523 1107 fecerunt3
546 1047 654 1109 neque
670 1047 723 1089 me
739 1028 860 1090 vixisse
872 1029 984 1111 poeni·

83 1137 141 1210 tet,
158 1131 321 1214 quoniam
336 1131 385 1193 ita
400 1131 476 1209 vixi,
494 1136 534 1193 ut
556 1151 624 1193 non
645 1131 766 1194 frustra
788 1151 842 1193 me
865 1138 984 1194 natium

84 1236 296 1314 existimem
319 1241 353 1297 et
375 1255 415 1296 ex
437 1235 508 1298 vita
529 1235 578 1297 ita
594 1235 738 1313 discedo,
752 1241 927 1316 tamquam
944 1254 983 1298 ex

82 1339 242 1422 hospitio,
257 1359 324 1400 non
340 1343 516 1420 tamquam
532 1359 572 1399 ex
588 1337 697 1400 domo·
745 1338 984 1401 Cornnrorandi

83 1444 177 1505 enim
199 1449 319 1505 natura
342 1443 565 1505 deversorium
592 1443 698 1520 nobis,
721 1463 788 1505 non
811 1442 984 1505 habitandi

81 1546 188 1610 dedit.
235 1547 266 1609 Ο
283 1545 487 1630 praeclarum
502 1546 601 1625 diem,
619 1567 725 1628 quum
741 1545 784 1607 ad
805 1545 888 1607 iilud
903 1545 984 1607 divi·

80 1671 168 1712 num
181 1651 369 1712 animorum
382 1650 561 1712 concilium
573 1657 773 1731 coetumque
788 1647 984 1732 proficiscar,

81 1775 259 1836 quumque
282 1775 322 1816 ex
344 1754 406 1816 hae
428 1756 526 1816 turba
548 1759 583 1816 et
597 1753 782 1816 colluvione
798 1750 983 1815 discedam!

82 1857 280 1922 Proficiscar
295 1859 384 1920 enim
400 1878 468 1920 non
484 1858 527 1920 ad
543 1879 600 1920 eos
616 1857 725 1920 solum
740 1858 836 1936 viros,
856 1857 897 1918 de
913 1858 984 1939 qui·

79 1964 152 2048 bns¹
166 1968 244 2024 ante
259 1962 346 2040 dixi3
369 1982 482 2025 verum
498 1960 660 2043 etiamad
679 1961 843 2022 Catonem
859 1965 997 2038 meum,

13 2064 983 2149 mmmmfflmmmmm

80 2167 322 2254 praestantior!
345 2169 440 2252 cujus
456 2190 477 2231 a
492 2189 546 2231 me
569 2189 686 2252 corpus
710 2175 892 2231 crematum
916 2175 983 2248 est;

84 2273 191 2358 (quod
209 2278 325 2335 contra
340 2272 453 2334 decuit
468 2273 510 2334 ab
525 2271 582 2333 illo
597 2292 710 2334 meum
721 2271 743 2355 3)
762 2273 895 2334 animus
908 2293 983 2333 vero

80 2397 153 2440 non
170 2397 224 2438 me
240 2376 401 2454 deserens,
417 2375 475 2438 sed
497 2380 695 2458 respectans,
716 2375 751 2436 in
775 2395 815 2436 ea
838 2375 983 2457 profecto

79 2479 159 2543 loca
174 2479 335 2558 discessit,
350 2500 417 2560 quo
433 2479 515 2540 mihi
537 2478 602 2562 ipsi
624 2479 779 2540 cernebat
801 2496 872 2538 esse
894 2476 983 2538 veni·

81 2583 222 2646 endum.
270 2581 384 2659 Quem
400 2603 462 2666 ego
481 2602 594 2644 meum
618 2600 734 2643 casum
752 2580 882 2642 'fortiter
903 2579 982 2640 ferre

79 2688 178 2750 visus
201 2707 295 2749 sumt
318 2707 385 2748 non
408 2707 475 2767 quo
499 2706 607 2767 aequo
630 2684 743 2746 animo
766 2684 898 2762 ferrem3
925 2681 983 2746 sed

80 2813 138 2856 me
154 2793 228 2875 ipse
244 2791 448 2868 consolabar,
463 2790 666 2867 existimaus,
683 2810 749 2853 uon
761 2789 982 2872 longinquum

81 2897 171 2958 inter
186 2915 248 2957 nos
264 2895 449 2978 digressum
462 2899 496 2956 et
507 2893 691 2956 discessum
702 2894 779 2956 fore.
826 2893 889 2956 His
902 2893 984 2956 mihi

81 3003 193 3077 rebus,
213 2999 336 3082 Scipio,
355 2998 403 3084 (id
418 2998 507 3061 enirn
530 3003 564 3060 te
586 3019 665 3060 cum
690 2997 806 3059 Laelio
829 2996 983 3058 admirari

82 3103 189 3167 solere
206 3102 341 3186 dixisti)
366 3103 447 3165 levis
463 3107 514 3164 est
536 3099 699 3180 senectus,
714 3121 775 3163 nee
791 3099 899 3161 solum
915 3121 983 3162 non

83 3202 983 3288 mfflmfflfflmmfflanmfflm

84 3331 167 3388 erre,
198 3309 288 3391 quod
318 3310 448 3372 animos
479 3309 652 3371 hominum
681 3306 885 3369 immortales
911 3325 982 3366 esse

84 3413 230 3490 credam,
253 3413 405 3475 lubenter
427 3431 514 3491 eno;
536 3432 597 3473 nec
619 3410 701 3473 mihi
724 3410 812 3472 hunc
834 3427 982 3486 errorem,

83 3537 157 3600 quo
187 3516 338 3596 delector,
368 3515 451 3578 dum
479 3515 566 3594 vive,
595 3514 780 3597 extorqueri
805 3511 900 3575 volox
930 3510 982 3574 sin
