2420 4102
225 272 267 338 30
390 289 652 340 rosoutrurauu
674 293 947 341 nrsrurarrorrun

224 453 363 517 modum
385 457 559 532 interirent,
589 455 741 518 viderem.
786 456 875 520 Nam
905 458 1114 540 sanguinem.

224 557 333 637 bilem,
349 559 514 641 pituitam,
530 578 617 638 ossa,
633 579 757 636 nervos,
774 579 884 636 venas,
907 579 1042 622 ornnem
1058 561 1112 622 de·

225 663 324 744 nique
354 663 572 724 membrorum
603 667 637 723 et
665 662 770 724 totius
799 663 942 743 corporis
970 661 1111 744 figuram

223 766 335 828 videor
357 785 452 848 posse
467 764 582 842 dicere,
596 763 685 826 unde
701 769 851 826 concreta
866 769 901 826 et
922 785 989 844 quo
1012 765 1111 828 modo

223 869 313 930 facta
335 869 420 931 sint:
443 869 593 930 animum
615 867 736 949 ipsum,
757 865 786 928 si
808 866 890 928 nihil
911 865 1046 929 esset'in
1063 889 1112 944 eo,

224 971 288 1034 nisi
302 969 345 1046 id,
360 976 400 1032 ut
414 991 470 1053 per
484 990 562 1032 eum
577 971 770 1046 viveremus,
789 975 861 1032 tarn
884 974 1002 1032 natu'ra
1017 977 1111 1053 puta·

222 1091 291 1135 rem
308 1072 450 1134 hominis
465 1073 567 1134 vitam
584 1073 768 1149 sustentari,
784 1093 886 1153 quarn
901 1073 988 1149 vitis,
1009 1094 1110 1154 quam

224 1174 363 1252 arboris3
385 1174 466 1237 haec
480 1175 568 1260 enim
584 1175 685 1236 etiam
707 1175 850 1258 dicimus
864 1174 980 1236 vivere.
1026 1175 1110 1238 Item

224 1279 252 1340 si
267 1278 347 1340 nihil
363 1279 496 1341 haberet
510 1279 642 1340 animus
658 1278 811 1356 hominis,
831 1277 896 1339 nisi
917 1283 956 1339 ut
977 1285 1109 1361 appete·

222 1388 271 1445 ret
285 1388 345 1445 aut
355 1383 491 1466 fugeret,
500 1381 535 1445 id
546 1401 677 1464 quoque
692 1386 779 1443 esset
793 1381 825 1442 ei
839 1393 1016 1442 commune
1032 1401 1109 1444 oum

222 1487 344 1548 bestiis.
433 1481 435 1488 ’

264 1588 316 1650 57.
340 1588 451 1650 Habet
473 1587 615 1669 primum
638 1586 842 1663 memoriam,
864 1591 898 1647 et
912 1606 987 1647 eam
1002 1584 1108 1648 infini-

222 1694 292 1750 tam
306 1709 412 1750 rerum
427 1689 735 1750 innumerabilium:
750 1708 851 1769 quarn
864 1687 999 1768 quidem
1012 1686 1108 1752 Plato

221 1789 480 1853 recordationem
502 1809 574 1851 esse
594 1790 666 1852 vult
687 1791 775 1852 vitae
790 1775 972 1872 superioris.
1019 1791 1107 1854 Nam

220 1900 256 1962 in
283 1899 340 1962 illo
369 1899 460 1978 libro,
489 1900 548 1981 qui
575 1900 761 1968 inscribitur
783 1883 909 1966 Μένων,
932 1900 1107 1982 pusionem

221 2002 388 2084 quendam
413 2003 565 2065 Socrates
586 2003 765 2086 interrogat
789 2002 954 2084 quaedam
977 2023 1106 2086 geome-

220 2105 302 2166 trica
323 2104 365 2166 de
394 2105 599 2168 dimensione
628 2105 789 2187 quadrati.
844 2105 898 2168 Ad
921 2127 961 2167 ea
984 2107 1032 2168 sic
1053 2105 1107 2168 ille

219 2207 402 2290 respondet,
417 2214 457 2270 ut
470 2227 567 2291 puer;
590 2213 748 2270 ettamen
771 2208 819 2270 ita
841 2209 953 2270 faciles
975 2209 1107 2270 interro·

220 2313 369 2396 gationes
400 2317 486 2390 sunt,
508 2317 547 2374 ut
575 2310 740 2394 gradatim
764 2311 964 2394 respondens
990 2312 1107 2374 eodem

219 2417 395 2499 perveniat,
424 2435 491 2497 quo
522 2415 550 2476 si
586 2413 785 2497 geometrica
819 2413 996 2475 didicisset.
1055 2413 1107 2475 Ex

219 2540 285 2601 quo
301 2519 386 2583 effici
401 2520 472 2582 vult
490 2519 651 2595 Socrates,
667 2523 705 2579 ut
719 2517 841 2579 discere
857 2517 937 2578 nihil
953 2517 1044 2579 aliud
1056 2518 1107 2594 sit,

219 2623 283 2682 nisi
296 2621 464 2683 recordari.
512 2620 625 2694 Quem
647 2619 757 2682 locum
774 2619 878 2682 multo
894 2620 994 2682 etiam
1012 2641 1106 2682 accu⁴

218 2723 320 2784 ratius
339 2721 481 2803 explicat
503 2721 537 2781 in
561 2741 604 2781 eo
624 2727 902 2803 sermone,‘quern
928 2723 1046 2785 habuit
1067 2741 1105 2783 eo

218 2823 291 2905 ipso
306 2823 369 2900 die,
385 2843 451 2902 quo
467 2823 606 2884 excessit
620 2844 640 2884 e
653 2825 740 2903 vita3
762 2825 859 2886 docet
880 2825 979 2901 eninr,
995 2845 1106 2905 quem-

220 2926 278 3002 vis,
293 2926 349 3006 qui
366 2926 516 2988 omnium
531 2947 636 2988 rerum
657 2927 748 2990 rudis
763 2949 833 2989 esse
850 2927 1008 3004 videatur,
1023 2930 1105 2988 bene

218 3028 430 3112 interroganti
445 3029 696 3111 respondentem
711 3030 884 3108 declarare,
900 3050 935 3090 se
950 3051 1017 3091 non
1033 3035 1105 3090 turn

211 3131 275 3223 ¹illa
290 3131 421 3210 discere,
437 3133 494 3194 sed
515 3133 753 3195 reminiscendo
776 3150 1023 3215 recognoscere3
1046 3145 1104 3194 neo

219 3255 294 3296 vero
309 3233 378 3296 fieri
393 3235 460 3296 ullo
476 3235 577 3297 modo
592 3255 697 3318 posse,
708 3240 759 3296 'ut
773 3255 794 3296 a
809 3227 917 3317 pueris
932 3239 984 3296 tot
997 3249 1103 3296 rerum

219 3345 319 3420 atque
334 3343 501 3400 tantarum
523 3325 641 3400 insitas
662 3343 697 3399 et
718 3338 814 3418 quasi
837 3336 1049 3417 consignatas
1070 3337 1104 3398 in

219 3453 338 3514 animis
350 3451 511 3528 notiones,
523 3471 605 3531 quas
624 3435 888 3534 ivvoiosvocant
901 3434 1107 3528 haberemus,
