2420 4102
253 295 300 362 34
420 311 685 357 rusonnsmnum
706 309 980 354 DISPUTATIONUM

254 502 329 549 rum
359 479 496 558 nultum,
525 477 644 541 deinde
674 476 718 540 ad
751 476 807 560 jus
837 476 1021 555 nominum,
1055 473 1144 558 quod

1191 2 1199 332 1

1194 343 1199 386 l

256 589 358 651 situm
380 584 486 648 estin
510 580 637 665 generis
660 580 800 643 humani
821 581 988 657 societate,
1010 585 1086 642 tum
1105 576 1145 639 ad
1197 599 1199 676 5

256 690 455 755 modestiam
485 683 817 769 magnitudinemque
854 683 958 745 animi
987 682 1146 746 erudivit·

256 795 440 874 eademque
455 792 498 853 ab
513 790 636 867 animo,
651 793 824 870 tamquam
847 788 889 849 ab
905 786 1020 865 oculis,
1036 785 1146 868 ealigi-

257 917 335 962 nem
356 894 504 979 dispulit,
526 899 566 957 ut
591 891 714 969 omnia,
737 909 866 974 supera,
891 889 1003 968 infera,
1029 887 1199 974 prima,

257 1002 316 1063 ult
295 1009 386 1075 tima,
402 998 522 1075 media,
536 997 733 1060 videremus.

306 1094 358 1156 65.
382 1094 516 1156 Prorsus
531 1095 612 1156 haee
625 1095 740 1157 divina
754 1094 835 1156 milri
851 1093 1021 1156 videtur
991 1113 1050 1170 vrs,
1065 1111 1149 1174 quae

264 1201 315 1258 tot
325 1215 375 1258 res
386 1194 506 1258 efficiat
517 1203 551 1259 et
561 1203 680 1259 tantas.
724 1195 816 1272 Quid
828 1202 878 1258 est
889 1197 977 1258 enim
993 1195 1150 1258 memoria

263 1317 371 1360 rerum
393 1302 427 1359 et
447 1297 641 1361 verborum?
671 1298 750 1379 quid
773 1317 865 1380 porro
887 1295 1055 1359 inventio?
1081 1316 1150 1378 pro-

264 1403 351 1465 fecto
365 1402 411 1482 id,
426 1421 493 1484 quo
508 1423 549 1465 ne
564 1404 598 1465 in
613 1402 677 1465 deo
691 1402 825 1483 quidem
847 1402 1028 1482 quidquam
1044 1401 1149 1482 majus
1198 1455 1199 1464 ,

264 1506 403 1590 intelligi
424 1512 543 1590 potest.
590 1507 668 1569 Non
689 1503 777 1567 enirn
800 1505 963 1567 ambrosia
984 1505 1073 1582 deos,
1093 1505 1150 1564 aut

264 1616 405 1686 nectare,
420 1612 480 1668 aut
489 1606 511 1669 J
512 1611 667 1668 uventate
681 1604 802 1688 poeula
812 1605 1028 1682 ministrante,
1038 1600 1150 1666 laetari
1198 1597 1199 1661 i

265 1711 417 1787 arbitror;
441 1729 502 1770 neo
518 1708 701 1770 Homerum
725 1708 835 1786 audin,
857 1709 915 1790 qui
933 1707 1150 1792 Ganymeden

266 1812 308 1874 ab
324 1812 375 1874 dis
389 1817 521 1894 raptum
537 1812 586 1873 ait
599 1818 728 1895 propter
742 1814 893 1889 formam,
910 1819 948 1874 ut
957 1812 1034 1874 Jovi
1046 1812 1149 1872 bibere

265 1915 480 1994 ministraret3
510 1935 576 1977 non
595 1914 687 1997 justa
712 1935 825 1993 eausa,
849 1936 906 1978 our
932 1911 1151 1977 Laomedonti

265 2023 360 2080 tanta
375 2017 466 2080 fieret
479 2017 609 2101 injuria
653 2017 820 2100 Fingebat
835 2019 916 2082 haec
932 2015 1105 2094 Homerus,
1120 2017 1152 2075 et

266 2121 413 2183 humana
443 2121 486 2182 ad
515 2121 596 2183 deos
624 2123 857 2202 transferebat;
878 2122 994 2184 divina¹
1022 2120 1150 2184 mallem

266 2223 309 2285 ad
325 2243 394 2286 nos.
442 2221 541 2300 Quae
559 2230 672 2286 autern
697 2224 832 2289 divinat
879 2225 1010 2310 Vigere,
1032 2243 1151 2309 sapere,

264 2327 420 2406 invenire,
436 2328 635 2390 meminisse.

309 2431 398 2515 Ergo
414 2432 557 2510 animus,
570 2431 661 2517 [qui]
678 2438 718 2494 ut
729 2451 791 2515 ego
806 2431 890 2510 dieo,
902 2431 1034 2494 divinus
1045 2437 1104 2509 est,
1116 2433 1152 2492 ut

266 2535 443 2619 Euripides
459 2536 565 2599 dicere
580 2535 693 2615 audet,
708 2535 808 2612 deus;
830 2535 1020 2616 etquidem,
1033 2533 1151 2596 sidens
1197 2543 1198 2564 ³

266 2644 326 2700 aut
340 2640 455 2700 anima
468 2640 551 2701 aut'
542 2640 629 2720 ignis
645 2645 703 2716 est,
726 2637 814 2700 idem
831 2644 881 2700 est
896 2639 1028 2700 animus
1051 2637 1152 2700 homi·

266 2740 328 2802 nis.
375 2739 465 2800 Nam
482 2745 523 2801 ut
542 2739 602 2800 illa
614 2745 732 2803 natura
747 2740 898 2804 caelestis
912 2747 946 2802 et
960 2747 1044 2802 terra
1058 2743 1154 2802 vacat

266 2847 301 2902 et
316 2841 504 2918 humore,
478 2862 527 2903 ero
541 2842 712 2923 utriusque
728 2845 844 2906 harum
858 2863 965 2906 rerum
988 2844 1153 2906 humanus

266 2943 399 3004 animus
415 2949 466 3006 est
480 2962 602 3027 expers.
650 2943 710 3008 Sin
725 2953 837 3009 autem
854 2953 904 3010 est
925 2945 1043 3028 quinta
1057 2965 1153 3027 quae·

266 3043 344 3107 dam
361 3051 479 3109 natura
494 3049 537 3109 ab
554 3047 730 3111 Aristotele
746 3049 882 3112 inducta
905 3051 1059 3132 primum,
1076 3050 1154 3111 haec

266 3153 301 3210 et
311 3147 448 3211 deorum
458 3155 510 3213 est
520 3155 553 3213 et
564 3151 759 3214 animorum.
805 3151 952 3215 XXVII.
984 3152 1034 3214 66.
1059 3151 1153 3230 Hans

267 3271 327 3314 nos
344 3253 544 3316 sententiam
560 3256 674 3332 secuti,
690 3255 741 3317 his
755 3255 835 3339 ipsis
850 3255 956 3318 verbis
971 3257 1007 3318 in
1033 3255 1153 3318 Conso·
1196 3327 1197 3350 χ

266 3352 390 3418 latione
406 3355 468 3419 hoo
483 3359 720 3440 expressimus:

308 3458 534 3525 “Animorum
550 3460 640 3524 nulla
662 3461 696 3522 in
719 3461 810 3524 terris
826 3462 918 3546 origo
940 3459 1080 3527 inveniri
1101 3479 1153 3548 po·
1196 3467 1197 3473 ’
