2450 4096
364 337 440 381 srva
463 338 507 382 ue
530 338 737 382 sensorum.
953 319 996 384 89
1039 373 1043 382 .

94 507 174 572 dem
197 507 300 592 igitur
322 527 395 570 esse
417 508 585 587 oreditote,
601 509 703 572 etiam
719 509 748 571 si
763 507 890 570 nullum
907 507 995 572 vide·

93 613 186 675 bitis.
232 612 306 675 Nee
327 633 404 674 vero
420 612 581 676 clarorum
599 615 740 676 virorum
758 619 836 696 post
856 619 996 677 mortem

95 717 239 781 honores
265 702 504 800 permanerent,
535 717 564 779 si
593 717 674 780 nihil
704 739 819 780 eorum
848 719 996 801 ipsorum

95 822 204 884 animi
220 819 395 899 efficerent,
417 842 484 903 quo
508 821 636 885 diutius
658 823 853 884 memoriam
878 824 931 885 sui
952 829 999 885 te-

94 947 261 988 neremus.
308 925 394 988 Mihi
405 926 542 1008 quidem
554 947 728 1008 nunquam
741 927 928 1010 persuaderi
941 948 998 1011 po·

94 1031 176 1108 tuit,
191 1030 331 1109 animos,
345 1030 428 1093 dum
450 1031 486 1093 iu
508 1032 698 1114 corporibus
720 1037 831 1094 essent
853 1031 998 1095 mortali·

95 1136 176 1214 bus,
205 1136 331 1214 vivere;
361 1155 468 1216 quum
489 1136 635 1198 exissent
656 1157 697 1197 ex
719 1137 770 1215 iis,
793 1139 913 1201 emori:
936 1158 998 1199 neo
1066 1207 1075 1221 .
1121 1159 1124 1166 ·

3 1293 4 1310 2
96 1258 190 1318 vero,
211 1243 285 1300 tum
316 1239 468 1300 animum
490 1259 562 1300 esse
584 1239 806 1322 insipientem,
829 1261 998 1321 quumex

3 1327 4 1336 ἵ
94 1342 272 1424 insipienti
286 1363 420 1425 corpore
438 1343 614 1421 evasisset;
633 1341 695 1404 'sed
712 1364 817 1424 quum
833 1345 926 1405 omni
940 1343 998 1405 ed·

94 1446 262 1510 mixtione
293 1447 436 1530 eorporis
465 1446 634 1528 liberatus,
664 1467 766 1530 purus
803 1453 837 1509 et
872 1448 999 1532 integer

95 1571 175 1614 esse
190 1551 362 1634 coepisset,
383 1557 457 1614 tum
477 1572 548 1614 esse
564 1553 759 1635 sapientem.
806 1552 916 1633 Atque
939 1551 998 1613 eti·

96 1675 170 1732 am,
199 1676 304 1737 quum
335 1657 483 1718 hominis·
509 1662 629 1720 natura
650 1662 763 1719 morte
800 1655 999 1741 dissolvitur,

3 1845 4 1848 Ἴ
98 1765 285 1822 ceterarum
307 1781 413 1822 rerum
437 1761 649 1844 perspicuum
676 1767 727 1823 est
749 1781 817 1842 quo
847 1781 999 1843 quaeque

3 1889 4 1892 ¹
98 1865 293 1945 discedant3
317 1868 442 1928 abeunt
461 1866 551 1928 enim
573 1866 653 1928 illue
675 1867 800 1947 omnia,
822 1865 912 1928 unde
927 1861 1023 1928 orta*

3 1963 4 1968 ¹
98 1976 200 2033 sunt:
223 1970 356 2032 animus
372 1977 485 2032 autem
503 1969 594 2034 solus
610 1991 680 2048 neo,
692 1992 797 2052 quum
813 1971 917 2048 adest,
929 1991 999 2048 neo,

99 2095 208 2156 quum
224 2074 374 2152 discedit,
390 2081 538 2158 apparet.
582 2074 659 2138 Jam
675 2097 750 2138 vero
767 2076 895 2154 videtiS,
918 2075 1000 2138 nihil

3 2163 5 2178 ’
99 2199 176 2242 esse
198 2179 389 2272 mortitam
411 2178 528 2256 simile,
550 2200 653 2262 quam
684 2201 849 2243 somnum.
897 2181 1001 2262 Atqui

98 2284 339 2346 dormientium
362 2285 467 2347 animi
489 2286 634 2346 maxime
658 2285 825 2347 declarant
847 2284 1000 2347 divinita·

98 2393 173 2452 tem
188 2408 303 2450 suam:
326 2389 434 2453 multa
456 2389 555 2468 enim,
577 2410 684 2471 quum
706 2389 834 2450 remissi
856 2394 891 2449 et
908 2388 1001 2451 liberi

99 2497 192 2570 sunt,
214 2493 327 2554 lutura
352 2494 566 2576 prospiciunt
625 2492 678 2555 Ex
701 2513 768 2574 quo
798 2491 1001 2575 intelligitur,

99 2595 217 2679 quales
232 2596 336 2659 futuri
351 2597 427 2675 sint,
442 2617 548 2678 quum
564 2618 599 2660 se
614 2595 712 2680 plane
727 2596 871 2680 eorporis
890 2596 1003 2658 vineu-

3 2693 4 2730 ³
97 2702 143 2765 lis
154 2701 384 2766 relaxaverint.
433 2700 559 2782 Quare,
575 2701 604 2763 si
620 2702 701 2764 haee
714 2702 765 2764 ita
780 2706 868 2779 sunt,
884 2701 932 2764 sio
948 2721 1002 2763 me
1031 2717 1051 2771 ,·

3 2795 4 2806 ²
99 2804 238 2868 colitote
254 2811 293 2866 ut
308 2803 428 2868 deum:
451 2805 503 2868 sin
518 2825 588 2868 uua
603 2811 655 2868 est
664 2806 855 2869 interiturus
868 2807 1003 2868 animus

98 2917 182 2973 ou'm
198 2929 341 2991 corpore,
356 2929 416 2970 vos
431 2914 557 2990 tamen,
573 2909 653 2972 deos
669 2916 827 2989 verentes,
843 2912 901 2992 qui
918 2912 1003 2974 hano

3 2993 5 3094 l
100 3033 240 3076 ornnem
263 3012 543 3095 pulchritudinem
572 3020 708 3077 tuentur
730 3019 764 3076 et
784 3021 913 3096 regunt,
935 3035 1003 3076 me·

3 3149 5 3188 ε
99 3118 245 3181 moriam
261 3117 366 3178 nostri
381 3117 435 3199 pie
449 3116 675 3200 inviolateque
691 3117 893 3179 servabitis.’'

3 3207 5 3228 ¹
148 3219 414 3304 XXIII.·Cyrus
429 3221 565 3303 quidem
582 3222 663 3285 haeo
679 3222 832 3286 moriens.
877 3222 958 3299 Noe,
974 3225 1002 3285 si

100 3328 224 3413 placet,
244 3333 357 3390 nostra
372 3327 557 3391 videamus.
605 3327 714 3389 Nemo
733 3348 888 3409 unquam
911 3327 1003 3406 mihi,
1091 3357 1098 3370 ·

102 3433 235 3514 Scipio,
249 3431 471 3515 persuadebit,
487 3437 548 3494 aut
565 3437 692 3514 patrem
715 3437 813 3493 tuum
838 3431 1003 3509 Paullum,

99 3542 166 3602 aut
181 3535 266 3599 duos
282 3557 374 3615 avos,
390 3535 546 3600 Paullum
563 3541 597 3598 et
614 3535 818 3614 Africanum,
842 3540 902 3599 aut
919 3535 1003 3599 Afri-
