2450 4096
223 261 267 325 72
490 281 644 325 souurmr
670 281 845 326 sc1r10urs.

223 469 311 526 quum
324 452 360 509 de
373 451 520 510 Platonico
540 452 602 509 Ere
617 449 768 524 jactantur,
788 450 874 508 etiam
893 450 1017 525 quietem
1038 448 1115 508 Afri-

222 549 285 606 cani
312 549 400 606 nostri
419 549 582 606 somniantis
602 549 739 618 incusant,
762 548 924 604 resistamus
944 548 1065 623 urgenti,
1085 554 1115 606 et

221 643 327 722 frustra
338 664 459 722 arguens
473 645 626 716 refellatur,
639 653 687 702 rto.
695 676 737 687 —
746 641 832 716 Idem,
845 663 908 722 cap.
922 643 963 700 IL

262 835 423 913 Scipionem
436 839 506 896 haec
524 836 634 896 occasio
647 837 683 896 ad
696 837 868 895 narrandum
888 837 1028 895 somnium
1049 857 1110 913 pro·
1201 891 1204 930 p

221 936 341 1006 vocavit,
355 936 431 1007 quod
443 935 527 1010 longo
540 943 667 1010 tempore
680 953 712 992 ss
725 942 842 992 testatus
855 942 899 991 est
916 934 1027 992 silentio
1047 954 1111 992 oon·

220 1030 332 1086 didisse.
374 1029 471 1102 Quum
483 1031 560 1088 enim
573 1030 690 1087 Laelius
703 1038 876 1105 quereretur,
886 1031 977 1090 nullas
988 1030 1110 1090 Nasicae

220 1135 326 1184 statuas
339 1127 369 1183 in
383 1128 495 1201 publico
514 1127 544 1183 in
563 1127 704 1186 interfecti
721 1127 836 1204 tyranni
854 1129 1110 1186 remunerationem
1203 1209 1204 1214 ἵ

219 1223 332 1292 locatas,
346 1224 488 1298 respondit
502 1221 598 1298 Scipio
611 1232 675 1300 post
684 1224 742 1282 alia
750 1225 781 1281 in
789 1225 860 1282 haec
869 1226 958 1281 verba
966 1244 973 1281 :
981 1229 1042 1267 —“
1053 1223 1110 1283 Sed

219 1338 394 1396 quamquam
406 1320 580 1394 sapientibus
600 1320 771 1377 conscientia
790 1321 851 1396 ipsa
871 1317 1010 1378 factorum
1029 1339 1109 1399 egre·

218 1417 329 1492 giorum
342 1417 545 1492 amplissimum
558 1415 670 1474 virtutis
695 1424 738 1473 est
751 1417 925 1490 praemium3
944 1425 1040 1474 tamen
1060 1417 1109 1474 illa

218 1515 315 1572 divina
333 1515 423 1572 virtus
443 1533 499 1571 non
519 1522 625 1571 statuas
645 1513 760 1588 plumbo
780 1513 967 1585 inhaerentes,
986 1532 1041 1576 nec
1060 1514 1109 1570 tri-

217 1611 337 1684 umphos
351 1611 541 1668 arescentibus
559 1610 672 1680 laureis,
692 1610 742 1666 sed
761 1610 904 1667 stabiliora
926 1611 1066 1684 quaedam
1080 1619 1109 1668 et

218 1707 352 1764 viridiora
361 1707 550 1780 praemiorum
559 1725 663 1783 genera
673 1707 837 1764 desiderat”
877 1705 984 1780 “Quae
993 1706 1107 1764 tandem

216 1803 272 1860 ista
283 1801 366 1858 sunt?
375 1803 391 1826 ''
404 1801 497 1876 inquit,
506 1802 630 1859 Laelius.
663 1801 739 1859 Tum
752 1801 855 1878 Scipio,
865 1807 882 1837 “
891 1802 1028 1860 Patimini
1036 1804 1106 1873 me,”

216 1899 315 1972 inquit,
328 1903 345 1932 “
353 1899 483 1972 quoniam
503 1899 617 1956 tertium
629 1897 705 1955 diem
721 1898 783 1972 jam
795 1899 887 1957 feriati
900 1899 1022 1970 sumus,'’
1030 1907 1106 1956 -et

216 2005 319 2064 cetera,
332 1996 434 2068 quibus
448 1996 485 2052 ad
499 1996 688 2052 narrationem
708 1997 810 2052 somnii
829 1997 915 2067 venit,
934 1997 1038 2053 docens
1058 1997 1107 2053 illa
1203 2025 1204 2042 κ

215 2110 278 2150 esse
298 2090 442 2148 stabiliora
461 2100 490 2148 et
515 2092 650 2148 viridiora
676 2093 865 2167 praemiorum
891 2111 1005 2168 genera,
1032 2112 1106 2168 quae

215 2190 277 2265 ipsa
296 2189 412 2247 vidisset
431 2189 461 2245 in
481 2190 559 2248 caelo
578 2189 660 2246 bonis
679 2208 777 2247 rerum
796 2190 972 2266 publicarum
991 2200 1107 2258 servata

214 2286 376 2344 rectoribus
384 2283 518 2358 -Idcnt
530 2305 593 2364 cop.
606 2283 661 2344 IV.
