2450 4096
212 298 254 362 52
389 341 393 346 ,
484 317 635 362 strumum
658 319 830 364 semotus.

212 487 331 570 gustiis
361 487 504 571 cingitur
531 488 572 550 iis
601 489 784 572 regionum,
810 510 894 571 quas
917 490 1020 570 vides,
1043 511 1107 554 nee

211 611 361 672 unquam
376 591 417 652 de
432 591 500 653 ullo
522 594 673 674 perennis
688 594 761 672 suit,
777 599 811 656 et
829 596 978 658 obruitur
1000 596 1105 658 homi·

213 717 294 759 num
320 696 464 774 interitu,
494 701 528 758 et
556 696 721 760 oblivione
751 699 954 781 posteritatis
984 701 1105 762 exstin-

213 799 350 884 guitur.”

257 902 354 966 VIII.
379 901 479 979 Quae
498 923 603 984 quum
625 901 771 983 dixisset,
800 904 904 988 “Ego
926 906 1032 984 vero,”
1054 906 1104 966 in·

213 1023 324 1083 quem,
346 1009 364 1041 “
378 1002 408 1064 O
433 1002 596 1080 Afrioene,
619 1003 783 1085 siquidem
806 1006 890 1066 bene
913 1005 1038 1067 meritis
1059 1005 1104 1066 de

213 1105 319 1187 patria
334 1105 430 1186 quusi
445 1104 540 1166 limes
556 1104 599 1166 ad
614 1105 698 1168 caeli
714 1107 843 1170 aditum
866 1113 968 1191 patet,
990 1128 1105 1188 quum·

212 1228 346 1288 quame
363 1208 503 1291 pueritia
514 1209 661 1292 vestigiis
673 1210 838 1294 ingressus
850 1212 963 1294 patriis
979 1218 1013 1273 et
1026 1212 1105 1289 tuis,
1222 1204 1225 1219 ’

213 1311 321 1374 decori
336 1318 444 1374 vestro
461 1332 527 1375 non
543 1312 644 1390 defui,
660 1335 749 1376 nuno
764 1321 886 1393 tamen,
901 1319 996 1376 tanto
1013 1335 1105 1398 prae-

213 1416 281 1478 mio
298 1417 475 1500 proposito,
486 1417 591 1479 enitar
600 1416 705 1479 multo
717 1417 936 1500 vigilantiue.''
983 1417 1029 1480 Et
1039 1417 1105 1496 ille,

213 1519 297 1582 “Tu
312 1541 388 1582 vero
403 1520 534 1598 enitere,
550 1526 584 1582 et
599 1519 646 1582 sio
661 1521 790 1598 habeto,
803 1541 869 1584 non
885 1542 957 1584 esse
971 1527 1005 1583 te
1020 1542 1106 1583 mor»

212 1625 324 1702 talem,
340 1624 398 1687 sed
413 1645 531 1707 corpus
555 1625 625 1686 hoe.
673 1625 744 1688 Neo
763 1628 852 1688 enim
875 1633 913 1688 tu
935 1648 981 1704 es,
1003 1647 1105 1708 quem

213 1729 320 1790 forma
341 1728 406 1789 iste
428 1727 590 1806 declarat,
614 1728 672 1790 sed
694 1749 787 1790 mens
809 1728 980 1812 cujusque,
1003 1731 1032 1792 is
1054 1736 1106 1792 est

213 1831 364 1912 quisque,
378 1851 445 1892 non
461 1851 501 1892 ea
515 1829 630 1914 figure,
652 1853 739 1913 quae
761 1832 865 1916 digito
888 1832 1107 1896 demonstrari

214 1940 332 2018 potest.
391 1933 501 1998 Deum
523 1941 556 1997 te
578 1935 679 2019 igitur
708 1937 791 1998 scito
821 1957 910 1998 esse:
940 1936 1106 2018 siquidem

214 2039 296 2100 deus
312 2043 371 2115 est,
386 2039 444 2118 qui
459 2039 558 2122 viget,
573 2039 631 2121 qui
650 2039 759 2117 sentit,
781 2039 839 2121 qui
862 2041 1023 2117 meminit,
1045 2041 1108 2121 qui

214 2141 372 2225 providet,
387 2142 444 2222 qui
459 2148 529 2204 tam
544 2145 628 2226 regit
644 2148 677 2205 et
692 2143 880 2205 moderatur
894 2149 928 2205 et
943 2149 1055 2205 movet
1070 2143 1108 2205 id

214 2267 341 2328 corpus,
357 2247 411 2308 oui
427 2247 633 2329 praepositus
649 2253 707 2325 eet,
723 2267 824 2328 quam
841 2247 929 2309 huno
941 2247 1108 2310 mundum

213 2350 268 2413 ille
290 2351 440 2434 princeps
462 2350 562 2430 deus3
592 2356 626 2412 et
647 2355 686 2412 ut
708 2351 870 2412 mundum
894 2372 934 2412 ex
957 2351 1108 2432 quadam

213 2461 306 2540 purte
330 2453 503 2516 mortalem
532 2457 603 2538 ipse
626 2454 708 2516 deue
732 2460 893 2532 aeternus,
919 2455 967 2516 sio
989 2454 1108 2538 fragile

214 2578 331 2644 corpus
348 2560 479 2622 animus
502 2560 720 2642 sempiternus
743 2564 863 2620 movet
910 2558 998 2620 Nam
1014 2558 1108 2639 quod

214 2685 341 2747 semper
355 2669 514 2740 movetur,
531 2669 701 2724 aeteruum
717 2667 783 2740 eet3
805 2661 894 2743 quod
911 2667 1025 2724 autem
1037 2682 1110 2722 mo-

182 2773 188 2784 *
213 2772 286 2827 tum
303 2763 395 2826 affert
410 2765 519 2841 alicui,
534 2764 690 2845 quodque
705 2765 815 2848 ipsum
839 2765 985 2848 agitatur
1000 2763 1109 2826 aliun·

214 2868 265 2944 de,
287 2867 421 2948 quando
450 2865 553 2929 finem
583 2867 682 2930 habet
704 2875 825 2946 mutue,
847 2867 981 2930 vivendi
1002 2865 1107 2930 finem

214 2971 335 3033 habeat
357 2991 489 3032 neeesse
512 2975 572 3034 eet.
634 2969 752 3033 Solum
781 2973 882 3054 igitur
911 2970 1002 3052 quod
1031 2991 1108 3032 sese

214 3079 335 3152 movet,
357 3076 436 3156 quia
459 3095 630 3156 nunquam
653 3075 811 3138 deseritur
833 3097 853 3137 a
869 3097 914 3153 se,
930 3095 1107 3155 nunquam

140 3187 148 3204 ⁰
214 3200 256 3242 ne
285 3181 409 3241 moveri
437 3179 572 3261 quidem
602 3179 731 3241 desinit
779 3177 872 3255 Quin
895 3180 998 3241 etiam
1021 3183 1109 3240 oete-

213 3285 266 3361 ris,
282 3305 368 3365 quae
382 3290 565 3362 moventur,
581 3285 633 3346 hio
648 3284 732 3362 fone,
747 3283 809 3346 hoo
831 3283 1030 3366 principium
1053 3286 1108 3343 est

214 3388 378 3452 movendi.
424 3387 587 3470 Principio
604 3394 717 3450 autem
734 3386 824 3450 nulla
836 3392 886 3448 est
897 3387 1007 3469 origot
1023 3402 1107 3450 nam

213 3493 429 3576 estprincipio
446 3493 594 3555 oriuntur
606 3493 736 3570 omuie;
758 3492 868 3575 ipsum
886 3496 998 3554 autem
1011 3489 1109 3554 nulle
