2430 4100
293 368 382 410 noon
406 369 509 410 mnsr.
555 369 649 410 cunr.
673 370 767 412 xxiv.
914 350 977 414 lte

65 489 230 586 ’mainan
253 517 367 586 wishinp,
387 517 503 586 senrinp,
527 517 625 586 sopinp,
650 518 763 586 heariny,
787 517 901 587 consino,
924 519 976 574 and

76 605 202 673 effectinq.
240 604 296 657 Cic.
312 606 343 656 de
355 605 416 656 Nat.
429 606 505 656 Deor.
519 605 539 656 Ι.
555 604 630 657 xxvi.
647 610 693 657 73:
711 606 784 656 Istud
795 605 868 674 quasi
886 623 977 674 corpur

76 700 104 743 et
123 691 199 761 quasi
217 692 376 759 sanquinem,
395 691 459 760 quid
478 690 518 755 sit,
537 690 682 762 intelligis?
718 693 792 744 Fam.
809 691 884 744 VIII.
904 710 931 742 x.
944 697 977 745 3;

76 779 154 832 Nosti
172 779 335 843 Mmcellum,
354 797 433 849 quam
450 781 540 832 tardus
558 779 599 832 sit.
637 780 765 844 Terence,
777 780 887 848 Adelph.
901 779 936 832 V.
948 779 976 833 ii.

78 872 129 919 20:
147 867 228 918 Illam
248 874 279 918 ut
299 866 373 919 vivat
390 873 491 936 optant
526 867 599 918 Eun.
620 865 672 919 III.
693 884 721 919 v.
742 871 785 931 62,
805 871 855 918 63:
882 866 977 919 Metuo

78 955 195 1023 fratrem
216 970 251 1005 ne
272 952 343 1005 intus
365 953 404 1005 sit
451 952 505 1006 Cic.
520 971 574 1022 pro
592 953 677 1006 Dcint.
698 952 733 1004 xi.
755 958 804 1005 30:
824 953 890 1017 Quis
908 963 978 1006 tunm

75 1051 176 1110 patrem
196 1049 275 1093 autea
295 1039 341 1110 qui
364 1047 439 1104 esset,
460 1058 538 1111 quam
559 1041 635 1111 cujus
654 1058 738 1111 gener
757 1050 834 1107 esset,
855 1040 977 1094 audivit?

77 1129 141 1181 Ter.
154 1129 250 1180 Heant.
262 1127 283 1179 Ι.
292 1127 309 1178 i.
319 1133 361 1178 4-
369 1132 399 1179 6:
418 1127 510 1180 Virtus
522 1136 567 1180 tua
578 1145 617 1180 mc
626 1164 633 1179 .
643 1165 649 1179 .
659 1165 665 1178 .
675 1128 761 1193 ‚facit
772 1137 803 1181 ut
815 1136 841 1182 te
852 1130 979 1182 audacter

3 1249 6 1260 ι
77 1235 208 1269 moneam.
244 1215 259 1268 I
279 1224 376 1268 cannot
397 1215 494 1268 refrain
515 1216 583 1268 from
604 1216 752 1286 extracting
772 1234 788 1270 a
808 1225 869 1287 part
887 1218 920 1270 of
932 1217 978 1269 tha

3 1308 7 1336 ¹¹
77 1313 156 1357 acute
168 1313 231 1356 note
241 1304 272 1356 of
279 1303 428 1356 Reinhanlt
436 1321 470 1356 on
480 1304 525 1356 the
537 1321 643 1374 passage
655 1304 705 1357 last
713 1304 798 1356 cited:
817 1310 832 1336 “
841 1304 882 1356 Eo
893 1307 978 1372 optim

3 1457 4 1460 Ἴ
76 1395 157 1462 poeta
179 1391 324 1444 orationem
344 1391 437 1449 vinxit.
455 1393 527 1461 quod
547 1409 594 1455 nra,
612 1390 731 1448 unde0in
750 1390 870 1461 proxime
891 1390 978 1444 subse-

76 1479 171 1550 quenti
191 1479 273 1531 inciso
291 1495 336 1547 epo
355 1486 443 1532 mente
461 1479 636 1548 repetendum
655 1485 702 1542 est,
720 1479 754 1531 ad
775 1477 847 1547 prius
867 1476 978 1530 incisum

3 1555 5 1614 l
76 1565 278 1634 transscriptum
287 1564 401 1616 tradidit.
431 1565 549 1617 Pondere
561 1565 731 1633 nequabdiore
743 1563 824 1616 incisa
834 1561 977 1633 descripsit,

3 1683 4 1694 ι
76 1653 149 1722 quod
162 1653 211 1704 mei
223 1650 406 1721 cogitationem
416 1668 450 1703 ex
462 1650 604 1720 posteriore
617 1650 697 1703 inciso
709 1650 736 1702 in
749 1650 820 1720 prius
833 1658 860 1703 et
871 1650 978 1703 brevius

76 1740 190 1792 incisum
202 1738 343 1801 transtulit,
355 1747 383 1791 et
394 1756 426 1791 eo
437 1737 548 1809 amplius
560 1737 658 1808 aliquid
676 1738 816 1791 lectoribus
832 1738 979 1810 intelligen-

77 1829 143 1879 dum
164 1825 297 1896 praebuit,
319 1825 442 1895 quoniam
462 1825 588 1894 nitefacit,
610 1835 637 1876 nt
657 1834 680 1878 tc
700 1843 822 1888 nicaeam,
844 1827 918 1896 efficit
939 1844 978 1880 me

77 2001 119 2066 sit,
131 2001 216 2070 efficit,
229 2009 256 2052 nt
269 2009 291 2052 tc
302 2017 426 2052 ntoneam.
464 1999 580 2052 Tantum
592 2007 696 2052 veteres
710 1999 788 2052 etiam
800 1999 828 2052 in
840 1999 978 2053 minutissi-

77 2089 127 2141 mis
139 2089 218 2141 rebus
230 2085 375 2139 cultissimis
392 2085 487 2138 uostris
504 2086 600 2157 linguis
614 2086 755 2156 prudentia
767 2096 794 2140 et
805 2095 862 2140 arte
873 2096 978 2141 antece-

4 2167 5 2200 ἶ
77 2176 160 2228 duntl
170 2177 185 2198 ”

112 2263 237 2315 Animum
255 2261 345 2330 panna,
364 2261 388 2313 si
407 2261 471 2312 nint
488 2269 550 2313 esset
565 2259 593 2312 in
605 2277 643 2314 eo.
680 2261 726 2313 An
738 2261 912 2314 anacoluthon
926 2262 978 2332 [for

5 2361 6 2399 t
77 2351 105 2404 in
118 2352 206 2404 aninto
218 2352 272 2419 ipso
290 2350 314 2402 si
331 2350 395 2401 nillil
406 2350 491 2418 esset}
529 2348 560 2401 F.
574 2349 607 2401 A.
620 2349 702 2403 Wolf.
740 2349 887 2401 Ramshorn
901 2349 975 2418 (Lat.

79 2441 153 2507 Gr.§
169 2444 227 2503 132,
240 2446 310 2502 note,
325 2456 352 2508 p.
368 2442 427 2502 393,
440 2439 480 2491 ed.
495 2439 523 2507 2)
537 2437 670 2490 considers
687 2436 738 2489 this
749 2454 777 2489 as
789 2453 823 2488 au
836 2437 977 2489 accusative

77 2528 200 2591 obsolute,
220 2525 305 2577 which
324 2525 358 2577 he
378 2524 497 2595 explains
516 2525 552 2594 by
569 2526 637 2595 quod
654 2525 740 2577 attinet
759 2525 802 2576 nd.
840 2523 899 2576 The
920 2523 977 2576 best

77 2614 259 2686 explanation,
280 2613 412 2676 however,
431 2612 460 2676 is,
479 2613 537 2664 that
557 2612 608 2664 this
629 2610 776 2664 accusative
797 2611 935 2681 (animum)
955 2610 977 2664 is

76 2702 209 2756 attracted
225 2700 261 2769 by
273 2700 319 2751 the
338 2698 516 2751 construction
535 2699 567 2751 of
581 2699 625 2751 the
644 2697 788 2769 preceding
805 2697 975 2769 proposition.

78 2792 124 2844 An
137 2789 257 2842 instance
277 2787 308 2840 of
324 2785 376 2839 this
394 2786 532 2839 attraction
545 2786 591 2838 has
610 2787 678 2840 been
698 2785 767 2840 cited
786 2787 853 2840 srom
868 2787 977 2855 Homer,

82 2878 161 2945 Odys.
176 2875 199 2928 I.
215 2879 281 2926 275:

220 2961 326 3032 Μητέρα
337 2959 370 3024 δ’,
382 2959 408 3016 εἶ
418 2963 442 3014 ol
455 2961 533 3030 θυμὸς
545 2961 687 3034 ἐφορμᾶται
698 2961 848 3031 γαμέεσθαι,

213 3048 276 3120 *Aula
289 3049 334 3104 iro
347 3049 383 3104 εἶς
394 3047 512 3119 μέγαρόν,

77 3140 168 3192 where
180 3140 227 3192 the
239 3136 388 3190 accusative
406 3137 502 3208 μητέρα
520 3135 541 3188 is
553 3135 683 3190 attracted
694 3134 731 3204 by
742 3133 787 3186 the
799 3134 977 3189 construction

78 3228 109 3280 of
117 3227 163 3280 the
175 3224 321 3297 preceding
333 3241 424 3276 verse:

220 3315 376 3382 Μνηστῆρας
386 3313 433 3381 μὲν
445 3312 487 3367 ἐπὶ
500 3310 616 3383 σφέτερα
628 3310 781 3365 σκίδνασθαι
792 3309 898 3382 ἄνωχθι.

78 3401 203 3456 Kiihner.

117 3489 182 3542 Tam
194 3495 300 3540 natura.
338 3484 472 3538 Ablative.

112 3576 188 3630 anc
199 3575 284 3628 enim:
294 3574 344 3644 sor
362 3574 427 3626 tlte-n
447 3573 529 3642 thinqs
576 3572 634 3626 The
653 3582 741 3626 neuter
758 3571 844 3644 plural
855 3589 978 3644 prououu
