2450 4096
418 337 572 382 sonuum
596 335 773 382 sorrronrs.
1001 313 1044 377 '75

71 593 75 599 Ι
145 530 213 592 que
229 509 431 587 converterit,
447 509 580 588 duoque
597 507 631 568 hi
647 505 787 585 numeri,
802 525 942 586 quorum
959 509 1044 566 uter·

144 613 356 696 que·plenu5‚
372 613 453 676 alter
471 612 573 676 altera
589 611 630 673 de
647 631 760 692 causa,
776 611 923 686 habetur,
944 609 1044 671 circu-

144 719 198 781 itu
214 718 357 782 naturali
373 739 540 782 summam
556 719 619 780 tibi
634 717 770 780 fatalem
786 717 994 794 confecerint,
1009 716 1044 778 in

144 827 180 886 te
196 843 302 886 unum
320 828 422 904 atque
436 823 471 886 in
487 828 586 886 tuum
601 841 723 884 nornen
739 842 775 882 se
789 826 862 883 tota
876 825 1045 882 convertet

146 926 284 1005 civitas3
312 932 346 988 te
369 932 515 1005 sedatae,
536 933 571 990 te
591 945 707 988 omnes
730 921 819 1003 boni,
840 930 874 987 te
897 925 988 1002 socii,
1012 929 1044 986 te

147 1030 266 1094 Latini
286 1031 520 1110 intuebuntur3
542 1035 580 1094 tu
596 1030 659 1092 oris
673 1050 771 1108 unus,
786 1029 820 1092 in
836 1050 904 1111 quo
919 1029 1045 1093 nitatur

146 1135 292 1206 civitatis
309 1134 416 1214 salus;
439 1156 488 1214 ac,
504 1156 545 1200 ne
561 1133 677 1211 multa,
692 1133 834 1197 dictator
854 1155 923 1196 rem
939 1133 1044 1216 publi·

147 1259 223 1303 cam
246 1239 431 1306 constituas
447 1243 585 1323 oportet,
601 1238 630 1301 si
645 1238 766 1322 impias
782 1239 1043 1322 propinquorum

106 1424 108 1428 .
146 1363 270 1411 manus
286 1340 483 1427 effugerisl’·

193 1448 259 1512 Hic
275 1469 380 1530 quum
397 1449 616 1512 exclamasset
632 1447 778 1526 Laelius,
793 1447 1046 1532 ingemuissent·

129 1574 214 1635 ·quc
236 1554 337 1616 ceteri
358 1554 597 1632 vehementius,
618 1553 734 1616 leniter
752 1553 896 1615 arridens
921 1551 1044 1635 Scipio,

147 1663 166 1696 “
180 1655 348 1742 Quaeso,’'
364 1658 482 1740 inquit,
505 1665 572 1720 “ne
596 1678 648 1720 me
671 1678 690 1720 e
713 1677 831 1720 somno
847 1657 995 1720 excitetis
1012 1663 1045 1718 et

145 1762 312 1844 rumpatis
328 1762 447 1826 visum.
494 1762 619 1825 Audite
634 1762 770 1824 cetera.”

194 1864 256 1927 III.
279 1865 375 1930 “Sed
392 1887 460 1948 qno
475 1867 531 1945 sis,
549 1866 714 1945 Africana,
730 1866 866 1928 alacrior
880 1866 923 1928 ad
934 1871 1044 1929 tutan·

1 1976 5 1991 ¹
99 2051 106 2062 η
146 1967 231 2032 dum
254 1991 323 2033 rem
353 1970 531 2054 publicam,
555 1971 602 2033 sic
624 1971 764 2033 habeto:
795 1971 960 2049 omnibus,
986 1969 1044 2052 qui

146 2075 292 2158 patriam
323 2076 554 2153 conservarint,
577 2075 770 2159 adjuverint,
797 2075 957 2153 auxerint,
980 2095 1044 2136 oer-

145 2189 222 2242 tum
239 2199 310 2241 osse
325 2179 360 2242 in
376 2178 469 2244 caelo
485 2201 525 2244 ac
540 2179 715 2244 definitum
737 2179 859 2257 locum,
874 2180 933 2242 ubi
955 2179 1045 2242 beati

147 2303 232 2346 aevo
256 2284 457 2366 sempiterno
479 2285 638 2348 fruantur.
698 2284 790 2347 Nihil
813 2289 864 2345 ast
886 2283 974 2346 enirn
997 2282 1045 2344 illi

146 2387 287 2471 principi
310 2388 382 2467 deo,
405 2389 464 2470 qui
485 2409 620 2452 ornnem
643 2390 732 2451 hunc
764 2388 927 2451 mundum
951 2389 1052 2471 regit,

146 2491 238 2573 quod
255 2492 392 2573 quidem
408 2493 548 2564 interris
563 2492 632 2570 fiat,
648 2492 826 2575 acceptius,
842 2513 945 2574 quarn
968 2512 1044 2553 con·

147 2595 226 2658 cilia
242 2602 425 2678 coetusque
441 2597 615 2660 hominum
627 2596 699 2679 jure
716 2595 842 2674 sociati,
866 2615 952 2676 quae
968 2595 1045 2657 civi·

146 2704 236 2762 tates
252 2698 470 2782 appellantur.
519 2700 647 2764 Harum
670 2705 811 2763 rectores
826 2705 860 2764 et
875 2719 1046 2762 conserva·

146 2809 246 2881 tores,
263 2804 338 2868 hino
353 2805 501 2888 profecti,
518 2806 582 2870 huo
595 2805 829 2868 revertuntur.”

194 2907 261 2970 Hic
276 2929 349 2992 ego,
364 2909 427 2974 etsi
450 2929 541 2972 eram
560 2909 748 2992 perterritus
770 2930 837 2971 non
859 2914 931 2971 tarn
954 2912 1047 2972 metu

148 3012 274 3089 mortis,
290 3033 393 3093 quam
408 3013 603 3076 insidiarum
620 3034 641 3076 a
656 3013 749 3090 meis,
761 3013 912 3094 quaesivi
922 3018 1046 3091 tamen,

148 3115 315 3178 viveretne
330 3116 402 3200 ipse
418 3122 452 3180 et
467 3116 603 3180 Paullus
619 3122 712 3201 pater
734 3121 768 3178 et
790 3115 856 3194 alii,
878 3137 963 3197 quos
986 3137 1047 3178 nos

149 3219 331 3282 exstinctos
354 3220 592 3282 arbitraremur.
637 3219 775 3282 “Immo
799 3219 904 3295 vero,’'
928 3219 1046 3299 inquit,

149 3322 203 3384 “ii
224 3323 352 3401 vivunt,
375 3324 433 3405 qui
456 3345 496 3388 ex
517 3345 691 3408 corporum
706 3322 857 3404 vinculis,
871 3328 1046 3402 tamquam

148 3446 168 3492 e
190 3443 327 3506 carcere,
342 3427 573 3492 evolaverunt:
598 3435 705 3492 vestra
727 3448 803 3489 vero
818 3445 905 3508 quae
928 3425 1047 3488 dicitur
1085 3498 1091 3508 ,

149 3528 228 3609 vita,
243 3551 331 3596 mors
347 3537 407 3598 sst.
455 3531 550 3610 Quin
572 3539 611 3596 tu
634 3532 779 3617 adspicis
801 3529 844 3594 ad
866 3536 899 3593 te
914 3529 1047 3593 venian·
