2420 4102
370 341 471 386 ursan
495 341 518 386 1.
561 342 633 386 css.
656 341 702 386 ιν.
725 341 758 384 v.
988 319 1010 388 ὅ

109 507 202 590 lano,
216 531 321 593 quum
338 515 449 574 essent
464 509 648 595 complures
664 531 798 574 mecum
819 510 1009 590 familiares,

108 615 248 690 tentavi,
274 613 356 696 quid
379 614 414 678 in
440 635 481 678 eo
507 636 626 698 genere
652 635 794 699 possem.
850 613 897 678 Ut
919 616 1032 678 euim¹

109 724 212 780 antea
227 718 484 782 declamitabam
500 740 632 796 causas,
645 717 737 801 quod
753 739 852 782 nemo
869 739 922 781 me
937 719 1009 782 diu·
1042 730 1044 771 i

108 823 178 886 tius
193 823 282 901 lecit,
296 823 348 886 sic
360 824 445 886 haec
458 845 548 887 nuuc
563 823 645 889 mibi
657 824 770 888 senilis
781 829 833 886 est
844 823 1008 886 declama·
1039 812 1041 822 ¹

107 927 167 990 tio.
213 927 338 992 Ponere
350 927 520 1010 jubebam,
536 927 659 1010 dequo
676 929 752 1010 quis
762 927 877 992 audire
892 927 1008 1008 vellet3

108 1031 153 1094 ad
168 1030 202 1093 id
219 1038 279 1094 aut
294 1032 413 1095 sedens
428 1039 489 1095 aut
503 1033 681 1096 ambulans
696 1033 920 1116 disputabam.

152 1135 182 1198 8.
207 1136 324 1218 Itaque
347 1136 475 1200 dierum
497 1137 645 1219 quinque
667 1137 804 1215 scholas,
824 1142 863 1199 ut
887 1136 1008 1202 Graeci

107 1240 287 1324 appellant,
303 1241 337 1304 in
360 1241 500 1304 totidem
515 1241 614 1306 libros
629 1241 766 1306 contuli.
812 1241 934 1306 Flebat
948 1262 1008 1304 au·

106 1348 177 1404 tem
193 1344 250 1420 ita,
265 1349 313 1421 ut,
331 1365 436 1425 quum
459 1345 499 1425 is,
522 1345 581 1427 qui
603 1344 718 1408 audire
740 1343 846 1420 vellet,
868 1344 1007 1408 dixisset

107 1446 192 1528 quid
220 1448 283 1510 sibi
312 1447 485 1526 videretur,
514 1454 587 1511 turn
615 1470 677 1532 ego
707 1454 822 1510 contra
852 1447 1005 1510 dicerem.

109 1551 205 1614 Haec
220 1557 270 1614 est
285 1553 384 1630 enim,
399 1558 439 1614 ut
461 1553 534 1630 scis,
552 1558 647 1616 vetus
669 1558 703 1614 et
727 1551 898 1614 Socratica
920 1552 1004 1613 ratio

106 1663 223 1718 contra
253 1655 388 1718 alterius
409 1656 602 1739 opinionem
625 1655 823 1735 disserendi;
855 1677 933 1718 nam
955 1657 1005 1719 ita

105 1749 274 1838 facillime,
302 1759 384 1842 quid
410 1760 478 1822 veri
504 1760 711 1823 simillimum
738 1766 836 1841 esset,
865 1760 1005 1824 inveniri

105 1884 205 1948 posse
226 1864 379 1927 Socrates
402 1865 630 1934 arbitrabatur.
676 1863 743 1928 Sed
766 1885 834 1946 quo
857 1885 1003 1926 commo-

105 1968 185 2032 dius
210 1969 454 2052 disputationes
479 1975 612 2032 nostrae
637 1968 850 2052 explicentur,
876 1968 1003 2032 siccas

106 2093 284 2156 exponam,
298 2073 396 2154 quasi
416 2079 536 2156 agatur
556 2094 616 2152 res,
639 2093 707 2136 non
729 2072 826 2155 quasi
848 2078 1002 2138 narretur.

106 2175 198 2260 Ergo
214 2177 262 2239 ita
278 2185 433 2240 nascetur
445 2177 628 2240 exordium.
825 2181 829 2190 ’

150 2278 194 2343 V.
237 2280 267 2342 9.
298 2279 338 2343 A.
363 2279 588 2350 Malummibi
600 2280 810 2344 videturesse
820 2301 918 2344 mors.
954 2279 1006 2348 M.

106 2383 204 2463 Iisne,
219 2385 277 2466 qui
294 2385 416 2447 mortui
431 2391 518 2464 sunt,
534 2405 576 2446 an
594 2385 644 2462 iis,
660 2385 782 2466 quibus
794 2384 1002 2448 moriendum

103 2487 179 2551 est?
235 2488 276 2551 A.
309 2484 478 2570 Utrisquct'
528 2488 578 2552 M.
611 2488 675 2552 Est
703 2488 862 2550 miserum
891 2487 1002 2570 igitur,

103 2592 265 2674 quoniam
296 2593 433 2655 malum.
485 2592 526 2656 A.
552 2592 657 2654 Certe.
702 2589 750 2653 M.
785 2589 877 2672 Ergo
905 2595 939 2654 et
967 2591 1002 2668 ii,

103 2695 229 2778 quibus
253 2694 367 2758 everrit
379 2695 467 2780 jam3¹
483 2683 522 2758 ut
541 2699 753 2772 morerentur,
768 2699 802 2756 et
823 2694 860 2773 ii,
880 2693 1002 2775 quibus
1038 2684 1042 2691 ’

102 2807 300 2864 eventurum
331 2783 537 2880 est,'miseri.
597 2800 638 2864 A.
674 2799 760 2864 Mihi
785 2801 835 2866 ita
863 2799 1001 2863 videtur.

103 2905 154 2969 Μ.
179 2905 289 2968 Nemo
308 2892 391 2990 'ergo
415 2927 482 2968 non
506 2906 615 2968 miser.
667 2897 869 2988 AJProrsus
892 2923 1001 2968 nemo.

102 3007 152 3072 Μ.
177 3008 224 3071 Et
239 3008 386 3090 quidem,
401 3009 430 3071 si
445 3009 505 3072 tibi
525 3016 676 3072 constare
700 3009 757 3087 vis,
780 3029 907 3085 omnes,
930 3009 1002 3089 qui·
1087 3059 1090 3074 .

102 3133 236 3194 cunque
251 3113 323 3174 nati
339 3095 418 3176 sunt
433 3118 580 3191 eruntve,
595 3133 663 3176 non
679 3111 788 3174 solum
804 3110 924 3188 miseri,
941 3110 1001 3174 sed

101 3217 205 3278 etiarn
222 3237 351 3300 semper
367 3217 486 3279 miseri.
532 3217 621 3280 Nam
638 3216 666 3278 si
687 3215 775 3278 solos
798 3235 855 3278 eos
877 3214 1001 3278 diceres

100 3321 250 3399 miseroS,
272 3323 395 3403 quibus
418 3322 627 3384 moriendum
650 3327 747 3399 esset,
768 3320 935 3384 neminem
960 3323 1000 3381 tu
1029 3375 1032 3383 .

100 3425 238 3507 quidem
254 3447 379 3505 eorum,
394 3427 453 3508 qui
468 3427 622 3504 viverent,
638 3427 820 3510 exciperes3
846 3423 1000 3510 (morien-

99 3529 183 3596 dum
197 3535 253 3594 est
271 3531 361 3594 enim
388 3531 575 3616 omnibus;)
602 3535 691 3594 esset
711 3536 824 3594 tamen
848 3527 1000 3594 miseriae
