2420 4102
215 263 259 336 m
383 283 645 330 ruscunsnsnuu
667 281 939 326 nrsrorsrronun

215 453 287 518 sine
306 452 494 538 corporibus
523 470 583 512 nec
605 446 675 512 fieri
697 453 840 530 possent,
868 468 929 510 nec
955 448 1106 532 intelligi.

218 557 359 620 Animos
374 555 461 616 enim
478 573 582 636 perse
604 553 693 634 ipsos
708 551 853 612 viventes
869 571 933 612 non
951 557 1106 632 poterant

215 668 326 724 mente
347 655 540 740 complecti;
562 655 702 718 formam
725 654 871 734 aliquam
894 651 1105 736 figuramque

215 757 424 837 quaerebant
470 753 549 816 Inde
567 751 703 814 Homeri
717 757 789 812 tota
809 737 931 829 νεκυία;
953 749 1031 811 inde
1052 772 1104 829 ea,

215 873 301 934 quae
316 873 411 914 meus
423 851 549 912 amicus
564 849 692 932 Appius
707 839 929 925 νεκρομαντεῖα
940 848 1104 927 faciebat,

215 956 291 1018 inde
307 957 340 1018 in
356 956 476 1016 ricinia
491 959 603 1016 nostra
620 953 740 1015 Averni
755 951 855 1030 lacus,

295 1059 367 1162 ζῖπᾶι
378 1074 477 1130 numae
489 1074 628 1132 mediatur
638 1073 744 1127 obscura
754 1073 852 1136 snum,
865 1081 951 1141 aperto
962 1073 1023 1125 dsnb

284 1163 338 1216 Aut
350 1161 507 1224 Acheruntis,
512 1162 583 1230 sdlso
594 1161 725 1230 sanquine,
736 1162 887 1213 mdrtuorum
898 1159 1029 1229 inrdpiner.

218 1264 290 1330 Has
318 1271 430 1335 tamen
459 1265 622 1350 imagines
648 1263 738 1346 loqui
760 1264 895 1342 volunt3
917 1263 1102 1346 qnodfieri

215 1391 277 1432 nee
298 1371 368 1458 sine
389 1370 512 1454 lingua,
535 1390 595 1431 nee
618 1369 688 1430 sine
709 1367 831 1450 palato,
853 1389 913 1430 nee
935 1369 1006 1430 sine
1029 1369 1102 1434 fau·

215 1475 315 1552 cium,
339 1474 490 1550 laterum,
518 1471 713 1556 pulmonum
736 1472 772 1539 vi
791 1477 825 1533 et
845 1469 951 1556 figura
981 1479 1101 1554 potest

140 1385 308 1668 &bobii
329 1578 418 1642 enim
441 1577 553 1640 animo
584 1574 691 1636 videre
701 1579 885 1658 poterant,
915 1575 958 1636 ad
984 1576 1101 1640 oculos

203 1653 328 1742 ¹omnia
342 1679 531 1742 referebant.
575 1676 626 1740 38.
652 1677 767 1760 Magni
780 1683 892 1738 autern
905 1683 955 1739 est
964 1679 1101 1764 ingenii,

215 1802 366 1846 sevocare
389 1786 533 1846 mentem
556 1801 576 1842 a
599 1781 749 1842 sensibus
771 1785 804 1841 et
826 1781 1064 1870 cogitationem
1081 1803 1101 1844 a

215 1883 452 1950 consuetudine
475 1883 644 1948 abducere.
690 1883 806 1968 Itaque
829 1883 924 1945 credo
944 1885 1101 1964 equidem

215 1989 316 2052 etiam
331 1987 413 2050 alios
428 1993 478 2051 tot
493 1987 646 2064 saeculis3
669 1986 736 2066 sed,
750 1985 839 2066 quod
855 1986 968 2048 litteris
984 1993 1101 2065 exstet,
1191 2007 1192 2012 ¹

216 2089 417 2174 Pherecydes
442 2090 556 2172 Syrius
579 2090 720 2172 primurn
744 2089 835 2166 dixit,
851 2091 983 2151 animos
997 2091 1102 2153 horni-

215 2214 295 2258 num
310 2215 381 2258 esse
393 2195 624 2280 sempiternos:
647 2193 802 2274 antiquus
815 2215 911 2254 sane:
934 2195 999 2258 fuit
1010 2196 1102 2258 enim

215 2317 289 2360 tneo
311 2303 467 2382 regnante
503 2297 626 2382 gentili.
673 2296 769 2360 Hanc
791 2298 980 2379 opinionem
1004 2299 1103 2362 disci·

213 2400 311 2484 pulus
327 2400 396 2482 ejus
414 2400 617 2484 Pythagoras
632 2401 775 2462 maxime
791 2397 1015 2464 confirmavit:
1033 2404 1101 2482 qui,

213 2525 318 2588 quum
347 2503 496 2588 Superbo
524 2507 682 2586 regnante
710 2502 746 2562 in
778 2501 907 2564 Italiam
944 2506 1101 2582 venisset,

212 2608 321 2672 tenuit
343 2627 499 2690 magnam
514 2606 819 2690 ,illamfflQra-epiam
842 2627 945 2687 quum
976 2608 1101 2670 honore

214 2713 248 2768 et
269 2706 451 2786 disciplina,
473 2712 544 2766 tum
567 2707 669 2769 etiarn
692 2709 904 2787 auctoritate,
918 2709 1100 2796 multaque

214 2807 346 2868 saecula
362 2813 477 2888 postea
492 2807 540 2868 sie
552 2808 659 2892 viguit
675 2810 954 2906 Pythagoreorum
967 2833 1098 2892 nomen,

213 2915 252 2970 ut
266 2908 348 2973 nulli
363 2908 418 2970 alii
433 2909 523 2971 docti
538 2910 730 2974 viderentur.

199 3074 202 3092 ,
258 3011 370 3074 XVII.
396 3012 462 3078 sed
477 3013 573 3076 redeo
589 3014 631 3076 ad
648 3017 811 3096 antiquos.
857 3015 1035 3081 Rationem
1051 3019 1097 3082 illi

198 3093 202 3170 l
215 3116 395 3180 sentcntiae
418 3138 498 3180 suae
521 3139 587 3182 non
613 3119 679 3180 fere
709 3119 901 3200 reddebant,
931 3123 995 3184 nisi
1017 3122 1095 3203 quid

214 3223 284 3280 erat
306 3218 448 3280 numeris
471 3225 530 3281 aut
554 3221 824 3304 descriptionibus
855 3222 1095 3304 explicandum.

214 3320 264 3384 39.
289 3320 462 3382 Platonem
483 3320 599 3399 ferunt,
622 3328 660 3384 ut
683 3317 906 3408 Pythagoreos
922 3345 1095 3409 cognosce·

213 3429 274 3503 ret,
292 3424 327 3488 in
352 3423 483 3487 Italiam
505 3425 642 3502 venisse,
658 3430 691 3484 et
712 3424 866 3488 didicisse
890 3425 1095 3512 Pythagorea
