2420 4102
390 352 647 401 turnonucmou.
909 337 966 401 xix

111 521 183 575 Orat
200 519 224 573 I.
243 520 272 572 in
288 520 352 586 Cot,
371 521 400 573 in
409 521 479 590 fla:
495 521 590 574 “Tum
610 528 648 588 tu,
665 521 781 593 Jupiter,
800 522 847 594 qui
866 523 967 592 iisdem,

66 607 170 678 quibus
186 608 250 661 haec
268 608 341 673 urbs,
360 608 480 678 auspiciis
497 626 515 662 a
533 609 645 663 Romulo
663 627 691 662 es
708 609 870 678 constitutus,
887 629 967 682 quem

68 693 208 748 Statorem
224 694 302 764 hujus
318 694 391 748 urbis
408 702 488 766 atque
504 696 608 767 imperii
625 713 689 750 vere
705 696 877 762 nominamus,
896 698 969 752 huno

66 789 100 835 et
111 781 192 852 hujus
203 781 284 835 socios
295 798 312 835 a
323 781 375 834 tuis
386 781 438 835 aris
454 782 600 854 ceterisque
617 783 728 854 templis,
740 801 757 838 a
768 784 843 838 tectis
854 785 926 838 urbis
937 802 969 840 ao

66 869 219 935 moenibus,
238 886 254 922 a
274 869 334 922 vitis
354 869 518 941 fortunisque
535 870 633 924 civium
651 871 793 943 [omnium]
809 871 924 926 arcebis:
942 879 970 926 et

66 957 192 1011 homiues
211 958 341 1011 bonorum
360 957 486 1024 inimicos,
502 959 589 1012 hostes
605 959 715 1029 patriae,
732 959 846 1013 latrones
865 958 968 1028 Italiae,

68 1044 203 1098 scelerum
225 1044 333 1098 foedere
355 1045 429 1099 inter
447 1063 475 1098 se
495 1062 526 1099 ac
547 1045 648 1100 ushria
671 1046 795 1101 societate
815 1047 969 1118 conjunctos

67 1131 189 1186 aeternis
199 1131 331 1202 suppliciis
342 1133 417 1186 vivos
428 1139 595 1203 mortuosque
606 1133 753 1187 mactabis?

109 1221 166 1274 Pro
177 1220 310 1286 Marcello,
322 1219 359 1272 ix.
370 1221 399 1272 ia
408 1221 475 1289 fin:
492 1226 508 1253 “
519 1220 596 1274 Servi
607 1220 687 1291 igitur
697 1220 729 1274 iis
741 1219 819 1274 eliam
826 1220 968 1292 judicibus,

65 1305 121 1378 qui
132 1306 220 1360 multis
230 1314 289 1379 post
300 1307 393 1360 seculis
410 1308 445 1361 de
462 1314 489 1361 te
502 1307 661 1378 judicabunt
672 1314 699 1360 ct
710 1307 816 1378 quidem
833 1307 903 1362 haud
915 1308 968 1363 scio

65 1411 108 1448 an
120 1392 305 1464 incorruptius,
317 1410 396 1464 quam
413 1411 475 1448 nos:
495 1411 556 1447 nam
568 1400 595 1447 et
606 1393 662 1447 sine
679 1410 768 1448 umore
785 1401 813 1465 et
829 1393 885 1448 sine
897 1394 969 1465 cupi·

66 1480 157 1534 ditate
167 1489 290 1534 strumus
301 1480 358 1534 sine
366 1480 428 1534 odio
436 1487 464 1534 et
472 1480 527 1534 sine
536 1479 636 1533 invidia
642 1479 808 1551 judicabunt
837 1481 869 1534 Id
880 1488 968 1534 antem

67 1567 155 1622 ctiam
166 1566 255 1620 situm
267 1568 301 1621 ad
318 1574 354 1633 te,
366 1577 394 1620 ut
408 1568 536 1638 quadum*
546 1567 620 1636 salso
632 1575 734 1636 putant
746 1583 800 1620 non
811 1565 968 1636 pertinebit:

66 1671 147 1708 nunc
162 1662 235 1708 certo
251 1654 367 1726 pertinet
377 1671 433 1708 esse
444 1662 472 1708 te
484 1653 573 1720 talem,
586 1660 617 1706 nt
627 1661 686 1708 tuas
696 1651 787 1708 laudes
798 1653 968 1709 obscuratura

65 1743 147 1798 nulla
158 1761 274 1814 unquam
286 1744 319 1797 sit
330 1743 448 1797 oblivio.n

95 1830 162 1884 .See
174 1830 227 1884 also
244 1831 313 1884 Orat.
319 1848 371 1900 pro
384 1831 490 1896 Scauro,
502 1829 528 1883 ii
541 1834 583 1882 50.

106 1917 165 1970 For
182 1917 294 1971 Cicem’s
314 1917 378 1988 high
394 1916 512 1971 estimato
532 1917 564 1970 of
576 1917 623 1970 the
642 1914 746 1987 dignity
762 1915 794 1969 of
805 1915 852 1969 the
868 1916 967 1970 humen

64 2005 155 2072 mind,
167 2006 220 2059 and
231 2005 271 2058 his
282 2004 366 2058 belief
378 2004 407 2057 in
418 2004 451 2057 its
463 2003 641 2058 resemblance
656 2003 710 2056 and
721 2002 827 2074 hinship
837 2009 866 2055 to
877 2002 967 2057 divine

64 2091 317 2158 matures-visus
328 2090 413 2144 which
424 2090 453 2145 in
466 2089 624 2144 themselves
640 2089 727 2143 would
744 2089 894 2160 predispose
912 2089 967 2145 him

64 2187 100 2235 to
110 2178 215 2234 believe
226 2179 254 2232 in
266 2179 300 2233 its
310 2178 487 2249 immortality,
493 2209 529 2220 -
536 2177 638 2232 consult
645 2178 687 2231 Dc
695 2178 812 2244 Finibus,
820 2177 856 2230 IL
864 2178 967 2245 xxxiv„

66 2267 109 2322 V.
120 2266 174 2332 xii,
186 2265 257 2333 xiii.;
273 2267 315 2320 De
331 2267 437 2337 Officiis,
455 2265 477 2318 L
490 2265 534 2331 iv„
547 2265 649 2331 xxxvl,
666 2264 715 2318 nn
726 2281 769 2331 x.;
786 2265 840 2318 and
852 2264 967 2337 particu-

63 2353 140 2424 larly
150 2353 225 2409 those
237 2353 363 2426 eloquent
373 2354 495 2426 chapters
506 2351 535 2406 iu
546 2353 589 2406 De
600 2352 716 2424 Legibus,
727 2349 749 2404 I.
761 2349 822 2418 viii,
833 2350 881 2417 in,
891 2350 967 2418 xxii,

63 2442 125 2498 and
136 2440 211 2495 xxiii.

356 2689 360 2695 ,
385 2627 405 2667 ε
420 2625 646 2692 rutupinum.
