2450 4096
226 309 270 375 50
391 325 654 374 ‘ruscumunauu
682 327 954 371 nrsrurnrronnu

227 500 412 578 confecerit,
433 497 576 580 reliquos
598 497 750 560 dormiat.
811 496 863 560 Ne
885 517 962 558 sues
985 495 1121 578 quidem

226 604 262 668 id
284 603 394 681 velint,
421 623 486 664 non
511 600 611 664 modo
634 603 714 684 ipse.
760 599 951 684 Endymion
976 621 1062 679 ver0,
1093 601 1124 663 si

226 709 356 771 fabulas
380 706 493 768 audire
515 705 680 783 volumus,
710 713 757 783 ut,
781 705 891 768 nescio
917 705 1064 786 quando,
1085 706 1124 767 in

228 811 351 874 Latmo
362 809 571 890 obdormivit,
581 810 639 890 qui
651 814 701 870 est
713 829 809 870 mons
821 808 948 886 Cariae,
960 809 1123 887 nondum,

227 916 351 999 opinor,
367 920 418 976 est
433 919 648 998 experrectus,
696 912 788 976 Num
803 912 904 996 igitur
919 933 995 974 eum
1008 935 1123 975 curare
1218 915 1222 926 “

227 1039 352 1096 censes,
370 1037 475 1098 quum
500 1016 599 1078 Luna
621 1014 771 1078 laboret?
794 1037 814 1078 a
836 1037 903 1097 qua
926 1019 1122 1100 consopitus

228 1126 373 1204 putatur,
389 1125 428 1182 ut
443 1140 520 1181 eum
536 1119 753 1182 dormientem
767 1119 977 1182 oscularetur.
1025 1119 1123 1196 Quid

227 1231 318 1286 curet
348 1230 472 1302 autem,
502 1224 561 1305 qui
589 1244 631 1286 ne
661 1225 762 1286 sentit
791 1223 950 1305 quidem?
1004 1223 1122 1288 Habes

187 1409 192 1422 ¹
228 1350 382 1392 somnum
397 1329 580 1412 imaginem
596 1329 720 1406 mortis,
743 1349 884 1409 eamque
899 1329 1048 1410 quotidie
1072 1330 1122 1392 in-

226 1434 309 1496 duis.
355 1433 402 1496 Et
422 1433 565 1512 dubitas,
587 1433 668 1516 quin
691 1453 808 1496 sensus
830 1433 864 1494 in
888 1439 992 1494 morte
1007 1433 1121 1497 nullus

226 1541 278 1619 sit,
294 1561 398 1622 quum
414 1540 448 1603 in
465 1539 536 1624 ejus
559 1536 736 1600 simulacro
758 1537 871 1600 videas
895 1558 965 1601 esse
988 1539 1120 1601 nullum

226 1641 386 1705 sensum?

270 1744 431 1807 XXXIX.
490 1744 540 1807 93.
580 1745 748 1810 Pellantur
769 1768 845 1832 ergo
868 1748 952 1810 istae
972 1749 1120 1832 ineptiae

226 1872 330 1934 paene
353 1851 466 1930 aniles,
496 1858 573 1915 ante
595 1858 728 1936 tempus
751 1855 834 1917 mori
856 1855 1013 1916 miserum
1036 1877 1119 1917 esse.

229 1955 331 2033 Quod
361 1955 497 2018 tandem
527 1956 685 2042 tempus?
737 1957 953 2022 Naturaenel
1001 1959 1047 2022 At
1077 1981 1120 2022 ea

225 2059 359 2141 quidem
377 2060 469 2123 dedit
483 2082 617 2125 usuram
635 2062 732 2140 vitae,
747 2068 922 2144 tamquam
945 2063 1119 2146 pecuniae,

224 2161 316 2225 nulla
338 2165 534 2246 praestituta
556 2165 619 2227 die.
682 2164 774 2242 Quid
804 2172 856 2228 est
885 2166 994 2250 igitur,
1025 2167 1120 2247 quod

211 2275 367 2349 querare,
391 2269 419 2330 si
441 2270 566 2352 repetit,
590 2290 694 2350 quum
717 2268 809 2332 vult?
832 2290 872 2331 ea
892 2271 981 2332 enim
1004 2271 1119 2333 eondi-

223 2369 313 2434 tione
329 2393 510 2455 acceperas.
556 2373 670 2451 Iidem,
694 2373 722 2434 si
741 2393 820 2456 puer
843 2394 962 2457 parvus
985 2373 1119 2452 occidit,

183 2456 189 2466 „
224 2495 330 2556 aequo
346 2477 460 2538 animo
475 2476 647 2539 ferendum
663 2482 800 2560 putant;
823 2479 852 2538 si
868 2499 942 2542 vero
958 2479 993 2540 in
1010 2479 1118 2556 cunis,

223 2599 264 2640 ne
279 2580 483 2660 querendum
499 2580 644 2661 quidem.
691 2581 796 2662 Atqui
817 2583 859 2642 ab
882 2582 944 2644 hoe
967 2583 1117 2668 acerbius

223 2683 332 2764 exegit
347 2689 474 2760 natura,
490 2683 580 2763 quod
596 2683 739 2747 dederat.
786 2685 945 2748 Nondum
962 2693 1117 2770 gustave-

222 2788 281 2861 rat,
310 2785 428 2864 inquit,
457 2785 545 2847 vitae
576 2787 796 2868 suavitatem3
819 2790 873 2851 hie
902 2797 1014 2853 autem
1042 2791 1118 2874 jam

120 2927 124 2936 ·
223 2890 376 2970 sperabat
398 2910 531 2974 magna,
554 2892 674 2972 quibus
704 2893 768 2956 frui
798 2901 958 2979 coeperat
1005 2897 1051 2958 At
1079 2897 1116 2958 id

222 2991 356 3074 quidem
380 2994 490 3077 ipsum
512 2996 547 3058 in
571 2997 685 3060 ceteris
707 3001 804 3061 rebus
828 2999 947 3062 melius
970 3006 1117 3084 putatur,

222 3097 368 3179 aliquam
385 3106 522 3182 partem,
537 3123 639 3183 quam
656 3103 791 3183 nullam,
807 3107 985 3190 attingere;
1008 3107 1117 3168 curin
1215 3159 1219 3174 .

220 3203 290 3263 vita
306 3202 425 3265 secus?
473 3203 690 3286 Quamquam
708 3228 774 3270 non
791 3208 878 3270 male
894 3210 942 3270 ait
960 3208 1116 3270 Callima·

221 3306 311 3385 chus,
333 3309 429 3370 multo
459 3311 586 3388 saepius
614 3312 797 3374 lacrimasse
821 3311 997 3390 Priamum,
1020 3333 1117 3390 qnam

227 3410 378 3475 troilum.
424 3410 550 3474 Eorum
567 3420 690 3494 autem,
706 3417 763 3497 qui
779 3421 896 3478 exacta
919 3422 1029 3479 aetate
1045 3438 1116 3478 mo-

220 3513 358 3594 riuntur,
369 3514 501 3576 fortuna
512 3513 674 3578 laudatur.
707 3517 757 3625 9}
782 3517 872 3580 Cur?
919 3519 1019 3598 Nam,
1034 3541 1116 3600 reor,

675 3585 701 3728 β
738 3637 754 3665 '¹

744 3673 808 3700 '‘Nm-

719 3706 750 3729 ,Ι

761 3742 767 3754 a
801 3733 829 3771 pff

773 3779 812 3807 'a
