2450 4096
201 353 245 419 58
367 373 631 418 ruscumnnnrm
653 372 930 415 ursrurrrrorrurr

203 541 277 607 107.
318 541 409 628 (Non
439 541 598 625 intelligo,
624 541 706 623 quid
728 547 867 619 metuat,
889 562 995 623 quum
1026 547 1098 607 tam

203 647 307 709 bonos
323 645 524 730 septenarios
539 645 660 708 fundat
675 645 718 708 ad
734 645 874 730 tibiam.)

214 813 226 836 „
248 749 446 813 Tenendum
462 755 512 811 est
526 750 636 834 igitur,
648 749 729 812 nihil
741 749 924 812 curandum
937 769 1010 810 esse
1023 755 1100 832 post

202 860 352 933 mortem,
375 875 481 936 quum
511 855 608 916 multi
632 853 786 916 inimicos
816 855 917 916 etiam
947 859 1099 916 mortuos

202 959 411 1041 poeniuntur.
458 957 655 1020 Exseoratur
683 957 860 1020 luculentis
890 977 969 1019 sane
1000 958 1100 1019 versi·

202 1062 263 1125 bus
280 1061 370 1144 apud
393 1061 541 1124 Ennium
567 1062 738 1146 Thyestes,
754 1063 898 1146 primum
913 1067 952 1123 ut
966 1062 1099 1123 naufra-

201 1166 257 1248 gio
280 1170 392 1247 pereat
416 1165 553 1243 Atreus;
576 1165 696 1228 durum
715 1166 777 1228 hoe
793 1184 890 1243 sane3
912 1166 989 1228 talis
1005 1167 1098 1228 enirn

125 1343 127 1350 y
200 1270 351 1332 interitus
368 1290 434 1332 non
451 1275 500 1332 est
515 1269 585 1331 sine
601 1271 693 1352 gravi
708 1288 826 1349 sensu3
848 1269 905 1332 illa
919 1269 1052 1332 inania:

230 1391 288 1478 ipse
299 1410 401 1462 summu
411 1408 559 1478 sixirflm
570 1409 675 1478 άῳενίε,
687 1409 845 1474 evisceratus,

228 1497 318 1551 Littera
325 1499 449 1567 pendens,
459 1497 524 1550 sisu
535 1513 657 1566 spargens
669 1496 733 1562 utba,
746 1497 817 1549 sanie
829 1505 852 1548 et
862 1495 987 1566 renquiae
999 1505 1063 1550 atro.

202 1622 279 1686 Non
309 1623 382 1704 ipsa
413 1643 493 1684 saxa
522 1622 631 1704 magis
661 1643 760 1684 sensu
795 1623 888 1684 omni
916 1624 1097 1700 vacabunt,

201 1745 303 1806 quarn
318 1724 372 1785 ille
395 1725 493 1788 lutere
504 1724 658 1803 pendens,
688 1725 742 1788 eui
769 1745 804 1786 se
834 1725 887 1787 hio
909 1725 1096 1787 cruciatum
1118 1719 1174 1810 A·
1219 1734 1223 1809 j

200 1834 313 1892 censet
334 1835 457 1912 optare.
507 1829 622 1906 Quam
644 1836 755 1892 essent
777 1829 868 1907 dura,
891 1830 920 1891 si
942 1827 1095 1892 sentiret!

200 1934 300 2013 nulla,
316 1935 386 1996 sine
401 1955 511 1998 sensu.
559 1932 644 1998 Illud
660 1955 736 1996 vero
753 1954 912 2019 perquam
927 1935 1041 1996 inane:

1214 2017 1220 2036 r

1217 2043 1223 2075 i

251 2086 340 2172 Iis‘bqtte
350 2087 501 2155 sepulcrum,
515 2088 563 2158 qud
573 2087 687 2156 recipiat,
703 2087 800 2151 iubeat,
808 2096 910 2156 portum
922 2086 1040 2156 corpeus,

256 2173 315 2239 Uti,
326 2174 431 2227 remissa
442 2175 554 2228 humina
566 2175 625 2239 vita,
637 2176 728 2244 corpus
739 2175 879 2245 requiescit
890 2175 970 2227 molis.

200 2311 306 2375 Vides
321 2318 447 2394 quanto
466 2313 548 2375 haee
563 2314 597 2376 in
612 2333 714 2374 errore
731 2319 906 2375 versentur.
952 2311 1095 2376 Portum

199 2438 270 2480 esse
300 2418 452 2501 corporis,
479 2424 512 2481 et
537 2417 738 2498 requiescere
760 2417 795 2479 in
818 2416 965 2500 sepulcro
994 2421 1097 2500 putat

198 2528 378 2586 mortuum.
427 2522 554 2606 Magna
569 2521 668 2604 eulpa
684 2521 824 2604 Pelopia,
840 2522 897 2602 qui
909 2542 976 2583 non
988 2521 1099 2584 erudi-

198 2627 259 2688 erit
280 2625 386 2688 filium
410 2647 471 2687 neo
486 2626 643 2704 docuerit,
660 2630 825 2706 quatenus
841 2631 928 2687 esset
943 2610 1096 2706 quidque

198 2729 391 2790 curandum.

242 2829 352 2892 XLV.
397 2827 469 2890 108.
496 2828 563 2892 Sed
578 2816 666 2912 ¹quid
689 2832 894 2916 singulorum
918 2832 1096 2916 opiniones

198 2931 470 3012 animadvertam,
494 2935 669 2998 nationum
692 2937 799 2998 varios
829 2957 948 2998 errores
970 2935 1097 3017 perspi-

197 3059 268 3102 cere
285 3060 389 3119 quum
405 3038 527 3103 liceat?
575 3040 746 3104 Condiunt
764 3041 922 3124 Aegyptii
933 3045 1095 3118 mortum,

197 3148 231 3206 et
246 3164 303 3205 eos
319 3150 451 3206 servant
466 3144 575 3224 domi;
599 3144 717 3207 Persae
740 3145 842 3207 etiam
866 3165 939 3206 cera
954 3143 1095 3205 circum-

154 3247 273 3311 ·‘litos
304 3247 462 3327 condunt,
492 3257 531 3312 ut
560 3271 662 3332 quarn
698 3251 843 3312 maxime
876 3253 1095 3333 permaneant

197 3352 354 3416 diuturna
371 3374 514 3437 corpora.
562 3353 739 3438 Magorum
762 3375 835 3416 mos
859 3359 918 3432 est,
940 3373 1007 3415 non
1031 3350 1092 3412 hu-

196 3477 287 3519 mare
303 3479 438 3542 corpora
454 3480 599 3537 suorum,
615 3459 679 3520 nisi
695 3459 805 3520 aseris
822 3459 889 3521 sint
911 3462 987 3519 ante
1010 3454 1094 3516 lani·

197 3560 263 3617 ata.
323 3557 361 3621 Iu
393 3558 562 3644 Hyrcania
577 3559 668 3643 plebs
699 3559 849 3644 publicos
886 3558 945 3622 alit
981 3577 1094 3636 canes,
