2450 4096
222 305 266 372 70
491 323 643 368 sourumr
666 324 843 369 scierours.

222 501 348 554 umentes
369 493 526 565 Plutonem,
556 494 653 551 dicunt
681 511 747 550 eum
777 493 883 568 aliquid
913 493 1005 550 simile
1033 495 1120 551 nobis

223 592 309 650 etium
335 592 371 649 de
402 600 576 648 mortuorum
608 590 812 647 resurrectione
844 590 973 647 sensisse.
1029 589 1121 662 Quod

223 689 336 764 quidem
356 689 397 745 sic
416 688 508 762 tangit
525 687 555 742 in
574 687 653 742 libris
679 685 716 743 de
744 685 790 742 Re
810 686 921 761 publice
941 686 1061 756 Tullius,
1082 695 1121 742 ut

223 803 289 844 eum
308 785 408 841 lusisse
427 784 529 859 potius,
548 801 633 857 quem
646 781 675 838 id
688 782 764 855 quod
776 801 877 838 verum
897 789 978 850 esset,
991 782 1121 838 affirmet
1215 809 1216 828 ι

222 883 317 940 dicere
335 881 466 938 voluisse.
518 879 632 936 Inducit
651 879 726 935 enim
752 878 894 935 hominem
916 877 1064 948 revixisse,
1084 886 1124 948 et¹
1215 899 1216 908 ¹

222 996 352 1034 narrasse
365 977 512 1051 quaedem,
526 993 600 1049 quae
620 974 773 1032 Platonicis
793 974 1027 1050 disputationibus
1047 993 1119 1032 con·

222 1070 602 1150 gruebent-Aupustt'nm
622 1068 652 1129 0.
664 1069 705 1128 D.
719 1069 826 1127 XXIL
841 1071 888 1127 28.

261 1266 298 1326 In
311 1268 365 1325 hoc
377 1267 425 1324 vel
434 1265 559 1324 maxime
566 1265 659 1340 operis
668 1265 880 1322 similitudinem
887 1264 1013 1322 servavit
1020 1264 1117 1322 imite-

222 1365 270 1436 tio,
283 1365 365 1440 quod,
378 1382 466 1438 quum
479 1361 564 1420 Pluto
574 1363 605 1419 in
618 1349 825 1437 voluminis'(de
834 1359 921 1437 lep.)
934 1361 1116 1418 conclusione

221 1480 240 1519 e
253 1462 374 1536 quodam
387 1462 463 1518 vitae
475 1460 592 1532 reddito,
605 1477 691 1534 quam
710 1457 857 1531 reliquisse
871 1457 1027 1527 videbatur,
1039 1457 1117 1513 indi·

221 1561 279 1616 ceri
290 1559 376 1616 faciet
387 1558 436 1632 qui
449 1557 485 1614 sit
497 1565 648 1613 exutarum
667 1554 828 1628 corporibus
842 1561 930 1610 status
943 1553 1114 1624 animarum,

221 1655 332 1728 adjecta
355 1654 476 1726 quedam
503 1652 689 1725 sphaerarum
714 1649 763 1706 vel
789 1649 913 1706 siderum
939 1667 995 1705 non
1021 1649 1115 1707 otiosa
1217 1657 1218 1672 ¹

221 1749 416 1824 descriptione,
435 1765 532 1804 rerum
550 1746 637 1804 facies
657 1765 713 1803 non
740 1746 886 1803 dissimilia
912 1745 1074 1820 significans
1095 1765 1115 1803 a

221 1845 353 1908 Tulliano
368 1841 499 1917 Scipione
518 1860 571 1917 per
583 1842 708 1914 quietem
727 1842 780 1899 sibi
800 1842 910 1918 ingesta
922 1849 1115 1898 narretur.-

221 1938 383 1998 Macrobius
398 1938 431 1996 iu
447 1936 542 1996 somn.
558 1935 636 2016 Soio
649 1937 674 1994 1.
691 1940 716 1995 1.

261 2134 349 2192 Hunc
363 2135 490 2191 ordinem
503 2133 615 2190 Tullius
635 2151 691 2189 non
710 2132 819 2190 minore
835 2131 942 2208 judicio
961 2151 1114 2191 reservans
1218 2197 1219 2208 χ

221 2250 307 2307 quem
320 2231 432 2306 ingenio
445 2238 573 2305 repertus
584 2237 634 2286 est
676 2229 832 2303 Postquam
842 2229 871 2285 in
881 2230 957 2286 omni
967 2231 1009 2287 rei
1019 2231 1114 2304 publi·

221 2348 271 2388 eae
284 2330 342 2387 otio
354 2348 388 2386 ec
401 2328 511 2404 negotio
524 2327 647 2403 palmam
657 2326 784 2402 justitiae
793 2327 961 2402 disputando
968 2327 1052 2398 dedit,
1066 2347 1115 2385 se·

221 2445 282 2486 oras
295 2427 495 2484 immortalium
509 2425 667 2482 animarum
679 2424 769 2506 sedes,
782 2432 811 2480 et
823 2424 986 2482 caelestium
1006 2442 1116 2482 arcena

220 2525 366 2598 regionum
385 2524 415 2581 in
442 2523 504 2598 ipso
531 2520 714 2580 consummati
740 2520 833 2594 operis
859 2519 969 2595 fastigio
990 2520 1114 2590 locavit3

220 2620 346 2678 indicens
359 2638 415 2694 quo
428 2620 471 2676 his
490 2617 711 2693 perveniendum
730 2616 777 2672 vel
797 2616 889 2690 potius
909 2617 1113 2673 revertendum

220 2716 264 2786 sit,
278 2716 401 2790 quirem
417 2715 557 2788 publicem
577 2732 642 2770 cum
661 2712 819 2787 prudentie,
835 2711 953 2787 justitio,
973 2712 1116 2770 fortitudi-

219 2830 265 2882 ne,
284 2829 319 2868 uc
343 2809 535 2866 moderatione
560 2809 750 2866 tractaverint
792 2807 851 2867 Sed
876 2809 924 2866 ille
945 2808 1114 2867 Platonicus

220 2914 393 2964 secretorum
424 2904 528 2962 relator
555 2904 599 2962 Er
625 2906 741 2979 quidam
767 2905 881 2962 nomine
907 2905 968 2976 fuit,
995 2905 1114 2964 natione

222 3002 408 3077 Pamphylus,
434 3001 515 3058 miles
541 3001 648 3069 offici0;
681 3002 739 3076 qui,
765 3021 861 3076 quum,
888 3003 1051 3059 vulneribus
1077 3002 1113 3060 in

220 3099 327 3174 proelio
346 3099 467 3174 acceptis
494 3099 582 3155 vitem
609 3097 740 3158 effudisse
766 3099 851 3169 visus,
871 3099 1034 3156 duodecimo
1061 3098 1112 3157 die

221 3197 336 3254 demum
348 3196 422 3254 inter
434 3203 541 3254 ceteros
556 3215 613 3276 upa
632 3203 791 3270 peremptos
811 3195 911 3253 ultimo
930 3204 1005 3253 esset
1023 3195 1112 3252 hono-

220 3292 325 3352 randus
338 3293 412 3367 igne,
426 3293 517 3351 subito
530 3312 580 3350 seu
593 3301 708 3367 recepte
721 3293 824 3364 anime,
835 3311 885 3349 seu
899 3301 1018 3363 retente,
1028 3293 1113 3366 quid·

220 3392 288 3467 quid
302 3391 422 3448 emensis
441 3390 515 3448 inter
534 3390 786 3464 utramque-vitem
806 3390 904 3447 diebus
921 3398 1019 3465 egerat
1031 3390 1111 3446 vide·

220 3496 311 3560 retve,
330 3496 475 3562 tamquam
496 3488 639 3562 publicum
651 3469 803 3562 'professus
823 3487 966 3560 indicium,
986 3487 1112 3546 humano
