2420 4102
380 359 480 400 ursan
502 359 525 402 1.
571 360 644 402 cnr.
667 359 729 402 xn.
955 335 997 400 lb

107 523 195 610 Ego·
209 526 297 588 enirn
320 525 410 588 istud
438 529 549 609 ipsum
578 548 689 589 vereor
718 547 759 588 ne
789 525 915 595 malum
945 527 997 602 sit,

107 651 175 691 non
199 631 274 692 dico
297 652 403 692 carere
427 652 535 708 sensu,
558 631 615 692 sed
631 631 808 693 carendum
825 651 904 692 esse.
949 630 997 693 M.

109 735 312 796 Auctoribus
335 735 469 815 quidem
490 735 533 796 ad
552 735 651 796 istam
667 736 874 811 sententiam,
895 755 997 817 quam

106 838 158 898 vis
171 838 319 914 obtineri,
330 839 380 898 uti
393 839 527 920 optimis
538 859 729 920 possumus:
745 837 835 918 quod
847 839 881 899 in
893 837 998 898 omni-

107 942 171 1000 bus
187 941 295 1002 causis
311 945 344 1001 et
359 940 457 1003 debet
471 945 505 1002 et
519 941 603 1002 solet
617 939 723 1001 valere
745 940 941 1022 plurimum:
964 945 998 1002 et

106 1044 252 1125 primum
283 1044 418 1124 quidem
448 1045 539 1105 omni
569 1044 784 1124 antiquitate,
814 1065 900 1124 quae
929 1064 996 1124 quo

106 1147 243 1228 propius
266 1148 380 1207 aberat
402 1148 444 1208 ab
467 1153 540 1208 ortu
562 1152 596 1208 et
616 1147 729 1209 divina
751 1148 916 1230 progenie,
935 1148 997 1209 hoc

106 1247 228 1309 melius
244 1268 284 1308 ea
299 1249 445 1326 fortasse,
461 1269 546 1328 quae
562 1255 755 1327 manirera,
771 1250 931 1310 cernebat.

151 1349 203 1411 27.
229 1350 344 1430 Itaque
356 1371 461 1411 unum
475 1351 557 1412 illud
569 1355 638 1412 erat
648 1352 785 1412 insitum
798 1351 911 1434 priscis
923 1350 996 1428 illis,

106 1473 193 1533 quos
210 1473 317 1514 cascos
333 1452 477 1535 appellat
493 1451 633 1528 Ennius,
649 1473 720 1514 esse
742 1453 775 1514 in
799 1459 909 1513 mortev
926 1473 997 1513 sen·

107 1575 195 1631 sum,
211 1576 317 1635 neque
336 1575 472 1616 excessu
488 1555 575 1615 vitae
591 1555 638 1615 sic
653 1553 751 1614 deleri
767 1555 933 1616 hominem
959 1559 998 1615 ut

106 1657 260 1720 funditus
282 1658 445 1735 interiret3
467 1657 568 1737 idque
590 1677 694 1738 quum
717 1656 831 1718 multis
854 1656 928 1718 aliis
949 1677 996 1718 re·

106 1763 181 1837 bus,
201 1767 273 1822 turn
290 1781 307 1820 e
323 1759 492 1842 pontificio
511 1760 583 1841 jure
606 1765 639 1821 et
661 1761 867 1821 caerimoniis
891 1742 997 1842 sepul·

106 1884 237 1926 crorum
249 1862 388 1945 intelligi
399 1862 484 1940 licet,
496 1883 579 1942 quas
588 1863 742 1924 maximis
754 1863 895 1944 ingeniis
907 1883 997 1944 prae·

107 1965 171 2027 diti
193 1985 255 2027 neo
276 1971 371 2027 tanta
393 1985 470 2027 eura
493 1964 680 2041 coluissent,
696 1985 755 2026 nec
770 1964 910 2025 violatas
925 1971 995 2025 tarn

106 2068 297 2151 inexpiabili
321 2068 477 2150 religione
500 2069 694 2145 sanxissent,
717 2068 780 2129 nisi
803 2067 947 2129 haereret
962 2069 995 2129 in

107 2193 223 2234 eorum
254 2173 429 2248 mentibus,
459 2178 598 2233 mortem
628 2193 695 2233 non
726 2172 895 2232 interitum
926 2192 996 2234 esse

107 2275 223 2336 omnia
244 2274 414 2339 tollentem
438 2279 538 2354 atque
561 2273 736 2352 delentem,
752 2272 809 2334 sed
825 2273 996 2354 quandam

106 2377 205 2458 quasi
235 2378 465 2459 migrationem
504 2377 866 2455 commutationemque
896 2376 996 2453 vitae,

107 2502 194 2562 quae
217 2481 250 2541 in
274 2480 367 2542 claris
389 2480 466 2540 viris
489 2484 523 2540 et
551 2478 683 2540 feminis
706 2478 773 2538 dux
803 2479 837 2537 in
867 2475 996 2538 caelum

107 2584 226 2646 soleret
248 2603 329 2659 esse,
354 2583 388 2643 in
411 2583 525 2644 ceteris
549 2581 641 2642 humi
663 2581 853 2641 retineretur
875 2585 908 2640 et
930 2601 997 2662 per-

107 2690 257 2748 maneret
270 2692 393 2748 tamen.
438 2684 491 2748 28.
516 2684 567 2747 Ex
591 2685 653 2745 hoc
675 2689 708 2746 et
730 2691 913 2745 nostrorum
928 2684 997 2767 opi-

107 2793 207 2854 nione
225 2790 380 2852 Romulus
395 2791 430 2852 iu
447 2791 535 2853 coelo
558 2809 629 2852 cum
651 2789 701 2851 dis
723 2789 794 2870 ugit
816 2808 934 2866 aevom,
950 2796 997 2866 ut,

107 2897 218 2956 famae
231 2893 424 2970 assentiens,
440 2893 523 2954 dixit
535 2892 677 2972 EnniuS,
689 2897 723 2953 et
738 2885 827 2974 apud
842 2892 998 2970 Graecos,

107 2998 250 3078 indeque
267 2996 436 3080 perlapsus
452 2997 492 3058 ad
510 3017 570 3058 nos
586 3001 619 3058 et
633 3015 738 3076 usque
754 2995 797 3056 ad
813 2995 997 3075 Oceanum,

110 3100 268 3162 Hercules
291 3106 405 3161 tantus
429 3105 551 3162 ettam
576 3119 729 3182 praesens
753 3099 890 3160 habetur
905 3099 997 3161 deus.

111 3203 199 3266 Hinc
232 3203 339 3278 Liber,
372 3201 505 3264 Semela
535 3209 643 3279 natuS,
673 3201 857 3282 eademque
886 3202 997 3263 famae

109 3304 296 3367 celebritate
328 3303 539 3386 Tyndaridae
568 3304 690 3380 fratres,
720 3304 778 3384 qui
808 3324 872 3365 non
896 3303 997 3364 modo

109 3408 340 3492 adjutores'in
370 3408 500 3491 proeliis
522 3409 678 3469 victoriae
700 3408 814 3491 populi
843 3406 997 3481 Romani,

108 3511 168 3576 sed
197 3513 300 3575 etiarn
334 3511 443 3573 nuntii
471 3511 572 3572 fuisse
602 3511 818 3593 perhibentur.
880 3504 996 3584 Quid?
