2420 4102
188 273 210 340 6
355 295 620 340 rusouusrrmuu
642 295 918 340 nrsrurrrrouosr

188 463 265 528 finis
288 485 322 526 1n
351 471 471 528 morte:
505 465 665 546 quoniam
691 469 804 527 autern
831 464 934 527 etiam
961 463 1088 528 mortui

188 569 299 632 miseri
315 575 403 647 sunt,
418 570 453 632 in
469 569 636 630 miseriam
652 569 819 631 nascimur
840 569 1079 652 sempiternam

191 674 334 738 Necesse
349 679 399 736 est
414 673 502 735 enim
526 673 662 735 miseros
684 693 755 734 esse
778 692 845 750 eos,
868 672 926 754 qui
948 678 1087 734 centurn

188 780 334 842 millibus
363 797 526 841 annorum
555 783 633 840 ante
663 776 864 854 occiderunt,
893 776 946 839 vel
971 778 1095 860 potius

189 905 314 960 omnes,
337 885 527 966 quicunque
557 883 628 945 nati
652 888 740 945 sunt.
800 881 841 945 A.
874 883 927 946 lta
952 903 1087 967 prorsus

189 987 353 1048 existimo

232 1089 283 1153 10.
306 1088 355 1152 Μ
378 1087 451 1166 Die,
467 1109 611 1170 quaeso:
636 1087 728 1152 Num
743 1094 777 1152 te
799 1089 857 1152 illa
878 1095 1006 1168 terrent,
1030 1091 1089 1152 tri·

188 1215 267 1278 ceps
296 1193 388 1276 apud
417 1193 539 1255 inferos
572 1193 742 1272 Cerberus,
776 1193 896 1279 Cocyti
921 1195 1088 1268 fremitus,

187 1298 387 1361 transvectio
406 1298 612 1376 Acherontis

235 1437 324 1492 Mento
335 1455 457 1492 summam
469 1455 562 1510 aqrrom
573 1437 697 1508 Attinyens
708 1435 750 1490 sut
761 1437 877 1491 enecatus
893 1403 1036 1492 Tartarum

187 1571 262 1628 tum
277 1564 369 1644 illud,
387 1565 477 1647 quod

763 1701 980 1771 Sisypnu’versat

316 1788 413 1844 Serum
423 1789 522 1842 εύᾱαηε
533 1787 643 1856 nitendo,
655 1806 734 1860 neque
740 1791 845 1860 proficit
856 1781 956 1844 litium!

187 1916 325 1980 fortasse
338 1915 439 1977 etiam
451 1913 667 1977 inexorabiles
676 1914 815 1998 judices
828 1914 939 1978 Minos
951 1921 986 1979 et
995 1915 1088 1980 Rha·

188 2017 411 2080 damanthust
434 2017 525 2102 apud
548 2040 633 2100 quos
655 2039 717 2082 nec
740 2025 773 2082 te
797 2018 836 2081 L.
866 2019 1005 2082 Crassus
1028 2020 1089 2083 de-

187 2121 309 2213 fendet,
339 2143 401 2184 nee
426 2120 471 2184 M.
499 2123 681 2202 Antonius3
711 2143 781 2200 nec,
808 2123 967 2204 quoniam
992 2125 1089 2206 apud

191 2227 336 2290 Graecos
348 2226 478 2310 judices
492 2247 543 2288 res
559 2232 684 2309 agetur,
701 2227 821 2310 poteris
842 2226 996 2288 adhibere
1019 2226 1087 2291 De·

187 2334 414 2396 mosthenem:
437 2332 498 2396 tibi
514 2332 578 2416 ipsi
593 2351 651 2415 pro
667 2337 699 2392 te
715 2331 776 2393 erit
790 2331 938 2392 maxima
961 2352 1088 2396 corona
1132 2319 1135 2324 ¹

187 2459 291 2502 causa
306 2437 456 2501 dicenda.
502 2437 596 2500 Haeo
612 2437 749 2499 fortasse
765 2434 896 2511 metuis,
912 2435 1086 2500 etidcirco

187 2551 328 2608 mortem
344 2565 459 2607 censes
474 2565 546 2606 esse
562 2542 799 2624 sempiternum
817 2539 953 2601 malurn.

157 2625 162 2633 Ι
232 2647 293 2708 VI.
339 2647 378 2708 A.
404 2647 542 2707 Adeone
569 2665 622 2705 me
647 2643 781 2704 delirare
805 2664 929 2720 censes
952 2648 992 2704 ut
1016 2643 1085 2708 ista

187 2771 259 2812 esse
275 2746 430 2811 credam?
476 2745 524 2810 M.
550 2747 604 2808 An
620 2751 657 2806 tu
674 2745 756 2807 haec
775 2767 842 2809 non
866 2745 995 2810 credis?
1042 2748 1074 2812 A

190 2854 330 2918 Minime
356 2872 441 2912 vero.
497 2849 546 2914 M.
580 2849 678 2927 Male,
703 2850 852 2930 hercule·
868 2873 987 2914 narras
1042 2852 1074 2916 A

191 2955 281 3020 Cur?
304 2965 438 3037 quaeso.
489 2953 657 3030 sta-Quia
677 2955 817 3018 disertus
841 2978 912 3018 esse
939 2977 1082 3039 possem,

187 3062 216 3124 si
231 3065 346 3123 o'ontra
367 3062 432 3122 ista
454 3060 605 3122 dicerem.
650 3059 701 3122 11.
726 3059 765 3123 A.
792 3058 880 3136 Quis
902 3060 991 3122 enirn
1015 3082 1081 3123 non

185 3164 221 3227 in
245 3163 409 3246 ejusmodi
430 3163 554 3226 causa?
578 3169 637 3226 aut
663 3163 745 3244 quid
768 3164 894 3246 negotii
918 3169 977 3239 est,
1001 3163 1082 3226 haec

186 3273 360 3356 poetarum
378 3273 411 3329 et
425 3268 589 3351 pictorum
605 3273 756 3352 portenta
773 3265 987 3329 convincere?
1033 3266 1082 3330 M.

189 3375 294 3457 Atqui
310 3373 398 3458 pleni
413 3373 486 3435 libri
509 3379 588 3435 sunt
609 3378 723 3435 eontra
746 3372 811 3433 ista
826 3372 900 3454 ipsa
922 3371 1081 3434 disseren-

186 3478 272 3542 tium
302 3477 582 3562 philosophomm.
613 3474 678 3538 .A.
714 3473 829 3558 Inepte
854 3495 943 3536 sane.
992 3473 1080 3551 Quis
