2430 4100
474 335 568 379 carr.
592 335 613 377 1.
637 336 671 378 11.
951 314 1015 380 191

119 485 177 539 xiv.
194 489 243 536 46:
273 484 348 544 Qrmd
366 483 532 554 (conuioium)
552 485 589 537 ad
607 485 710 538 multam
730 492 825 537 noctem
839 484 1017 554 producimus.

120 575 168 626 Ad
178 573 231 626 Aa.
247 572 318 625 XIII
337 561 388 626 ixss:
405 573 505 624 Multus
515 589 596 625 senno
608 573 644 624 acl
654 573 757 624 miiitum
768 573 843 625 diem.

155 667 172 693 ‘⁴
186 660 302 713 abtum
319 659 476 712 discessimus
499 658 571 722 dicit,
589 658 652 728 quia
669 658 697 711 in
714 658 819 712 diversa
835 659 930 712 cubilia
946 659 1016 713 abio·

120 754 201 812 runt3
219 748 291 816 quod
312 745 333 798 si
353 763 407 799 non
426 753 494 798 esset
509 746 616 810 sactum,
629 745 736 800 dixisset
753 746 863 799 cebium
875 747 972 812 ivimus,
985 754 1015 799 ut

124 835 196 888 Orat.
205 851 255 903 pro
268 834 326 886 Sex.
337 833 413 886 Rosc.
427 832 501 885 xxiii.
514 835 570 884 64!
604 832 701 886 Moser.

153 922 197 974 Dc
208 921 250 974 oia
259 949 296 969 -=
298 929 406 989 propter
416 921 490 972 uiam
526 918 675 990 Hottinger.

160 1007 211 1069 Qui
220 1046 226 1058 .
236 1045 243 1058 .
253 1044 260 1059 .
270 1007 432 1077 mmmmm
469 1006 644 1076 subjunctive
655 1005 687 1060 of
694 1006 739 1061 tha
750 1024 851 1060 reason.

158 1094 294 1164 Equidem.
332 1093 384 1147 Sea
395 1093 440 1146 the
452 1101 514 1148 note
527 1111 600 1164 upon
609 1093 661 1147 this
672 1095 753 1160 word,
764 1112 852 1165 supro,
863 1113 889 1166 p.
903 1100 952 1150 139
964 1113 1003 1168 sq.

156 1182 232 1233 Fere.
268 1186 283 1212 ‘⁴
292 1179 372 1233 Hand
385 1179 489 1232 derives
499 1180 560 1248 fere
571 1181 624 1234 and
635 1181 721 1249 ferme
738 1181 804 1234 from
814 1183 917 1251 jamnus
924 1184 1015 1252 =fir·

118 1285 177 1321 mass
183 1283 194 1332 ,⁴
211 1285 240 1320 so
251 1267 310 1320 that
321 1267 391 1336 sere,
396 1267 482 1336 smne
491 1268 613 1336 =fimne,
618 1267 738 1336 fimiter,
750 1268 803 1320 and
815 1267 882 1321 have
893 1268 935 1320 for
945 1269 1015 1322 their

118 1355 178 1409 first
189 1355 313 1424 meaning
325 1372 458 1426 perpurum,
477 1355 558 1422 valde,
571 1355 702 1424 penitus?
737 1354 867 1408 Andrews
878 1356 931 1407 and
950 1355 1014 1408 Rid-

118 1443 164 1496 (lla
182 1441 269 1494 follow
287 1441 375 1495 Varro
387 1442 417 1493 L.
428 1441 459 1494 L.
473 1446 496 1493 6.
510 1446 534 1493 5.
553 1445 595 1506 98,
613 1441 641 1493 in
659 1439 781 1512 deriving
789 1442 850 1511 sere
866 1440 934 1494 from
943 1442 1014 1511 sero.

118 1530 176 1584 For
187 1531 232 1584 the
245 1529 416 1602 signification
434 1530 466 1582 of
478 1529 529 1582 this
546 1529 646 1582 adverb
663 1529 691 1582 in
709 1546 758 1582 our
774 1547 889 1600 passage,
901 1546 945 1582 see
957 1530 1014 1583 An-

118 1619 226 1670 drews's
237 1617 313 1681 Lex„
324 1617 412 1670 under
420 1617 490 1686 sere,
502 1616 534 1670 Β.
548 1622 572 1670 2.

159 1704 239 1765 Quale
251 1705 283 1756 de
295 1704 405 1757 Homero
421 1704 505 1756 scribit
517 1703 630 1756 Ennius.
667 1702 695 1756 A
705 1702 759 1756 line
776 1703 807 1757 of
820 1702 933 1769 Ennius,
945 1703 1013 1758 from

118 1792 165 1845 tho
177 1790 323 1862 beginning
334 1790 365 1843 of
372 1789 411 1842 his
420 1790 544 1856 Annales,
556 1788 578 1842 is
589 1789 649 1842 thus
659 1789 738 1862 pseu
751 1790 787 1861 by
795 1807 829 1844 an
839 1789 882 1843 old
894 1790 1013 1845 scholiast

118 1897 155 1932 on
167 1878 283 1942 Horace,
295 1877 380 1946 Epist.
391 1877 427 1929 IL
439 1876 455 1928 'a
468 1882 517 1928 52:

288 1964 411 2014 Insomnis
421 1965 478 2014 milii
487 1965 758 2014 veisusHomcnucdessc
765 1973 844 2030 poete.
1005 2015 1012 2029 ,

154 2055 202 2108 Et.
228 2059 244 2086 ‘⁴
256 2051 393 2124 Originem
403 2052 546 2123 particulae
558 2061 581 2106 et
592 2052 636 2106 alii
647 2053 675 2106 in
687 2053 780 2107 litteris
790 2053 865 2107 verbi
879 2052 973 2108 Graeci
983 2053 1011 2110 ri

118 2139 282 2211 transpositis
300 2140 496 2210 quaesiverunt,
508 2139 553 2193 alii
569 2139 598 2193 in
615 2141 653 2195 ἔτι
670 2140 835 2212 conspicuam
852 2159 908 2195 esse
925 2141 1013 2195 existi·

119 2236 233 2286 marunt
270 2227 332 2281 vid.
350 2225 437 2281 Vossii
455 2227 565 2295 Etmnol.
577 2245 597 2280 s.
609 2227 635 2279 h.
646 2246 672 2280 v.
708 2227 827 2297 Lennep.
838 2228 946 2296 Etmml.
963 2229 1010 2282 Gr.

120 2322 145 2380 1,
164 2334 192 2385 p.
207 2320 268 2367 29⁷.
306 2313 345 2367 At
361 2313 481 2384 cognatio
497 2314 591 2367 horum
608 2314 793 2368 vocabulorum
809 2331 863 2367 non
880 2315 915 2367 ad
932 2333 1011 2368 unam

119 2402 228 2472 stirpem
242 2401 370 2455 Graecam
388 2399 528 2454 referenda
545 2408 592 2465 est,
604 2401 650 2453 sed
667 2399 785 2453 cernitur
801 2416 834 2452 ea
850 2399 877 2452 iu
889 2399 1012 2454 universa

118 2489 274 2559 copularum
292 2486 505 2552 conformatione,
522 2504 590 2556 quae
607 2485 695 2539 multis
706 2485 750 2539 vel
761 2485 880 2539 omnibus
890 2487 1011 2557 gentibus

119 2575 265 2630 communis
285 2582 334 2627 est.
375 2573 418 2626 Sic
440 2580 543 2626 veteres
565 2573 645 2626 Gothi
666 2573 838 2637 dissonanti,
861 2573 953 2626 Graeci
974 2573 1011 2637 ri,

118 2664 191 2734 quod
202 2662 300 2714 factum
318 2667 358 2713 est
375 2677 430 2731 qua,
450 2666 478 2713 et
495 2678 585 2714 rursus
604 2661 652 2724 sal,
664 2667 742 2729 atqua
761 2668 793 2723 et,
809 2658 892 2711 veluti
908 2657 1010 2712 litterae

118 2751 206 2804 locum
218 2754 322 2801 mutant
332 2747 361 2799 in
374 2747 433 2816 ἐμός
445 2755 473 2799 et
483 2763 559 2799 micus.
595 2746 670 2798 Haeo
685 2745 765 2816 igitur
775 2744 856 2816 magis
867 2745 1011 2815 comparari

117 2844 229 2908 possunt
240 2852 320 2904 quam
332 2833 450 2887 deducis
485 2831 587 2886 Hand's
603 2833 699 2886 Tursei.
709 2832 744 2885 Π.
756 2837 817 2886 467.

155 2921 192 2975 Π.
211 2922 321 2974 Excelsa
330 2958 337 2972 .
347 2959 353 2972 .
363 2958 370 2972 .
380 2958 386 2971 .
397 2921 460 2972 loco.
500 2919 558 2972 The
569 2919 652 2989 milky
663 2937 731 2989 way.

154 3010 244 3064 Poene
255 3009 332 3060 mdes.
367 3012 383 3040 “
395 3005 466 3070 Quia
476 3006 505 3058 in
517 3004 608 3059 militia
623 3004 722 3076 primus
735 3005 837 3058 tonora
847 3007 943 3076 gradus
954 3015 1011 3061 erat
1063 3052 1065 3056 .

117 3096 269 3150 tribunatus
279 3094 413 3146 militum?
447 3091 590 3148 Manutius

153 3183 212 3236 Hoc
224 3182 330 3234 memmio.
365 3181 444 3234 “We
456 3187 525 3232 must
541 3175 710 3250 particularly
721 3174 825 3228 remark
836 3176 881 3230 the
899 3176 1011 3230 ablativa

117 3271 150 3324 of
158 3270 204 3322 the
215 3269 279 3322 time
290 3268 354 3320 with
366 3267 411 3320 tho
427 3266 543 3320 addition
561 3265 592 3318 os
604 3263 650 3317 the
667 3279 801 3335 pronouns
817 3262 858 3315 iic
875 3280 906 3315 or
922 3263 970 3326 ille,
983 3271 1011 3316 to

117 3355 223 3428 signify,
235 3355 263 3408 in
276 3355 321 3408 the
332 3355 404 3424 lapso
420 3353 451 3406 of
464 3369 492 3405 so
504 3351 566 3422 long
577 3368 593 3403 a
604 3350 667 3402 tima
684 3350 751 3402 from
762 3367 818 3402 now
828 3367 860 3402 or
871 3351 927 3402 then
933 3365 943 3413 ,·
961 3349 1011 3402 Has

6 3430 10 3442 '
117 3444 195 3499 aas
213 3442 404 3514 aasumensi
415 3441 511 3492 mmm
528 3438 639 3507 rasus
653 3434 1011 3506 (cie.semp.usr),1sa

116 3529 327 3586 notmorethan
343 3528 405 3582 four
419 3526 541 3580 hundred
556 3541 634 3595 years
649 3522 806 3578 mnesthei-e
818 3522 1011 3595 wasalringat
