2450 4096
302 331 402 374 muns
424 333 444 375 1.
476 331 559 376 ‘cun
582 335 701 378 xxxiv.
725 335 829 378 xxxv.
962 315 1006 379 45

118 497 226 554 meret
247 492 467 556 incommoda.
512 495 647 558 Possem
669 496 704 557 id
726 497 840 574 facere,
863 497 924 558 etsi
947 496 1010 558 mi··

119 615 194 671 nus,
210 615 312 674 qnam
327 595 391 673 ille,
407 597 464 676 qui
480 599 616 671 omnino
628 599 733 659 vivere
745 599 894 680 expedire
908 600 1004 659 nemi·

120 697 155 758 ni
171 703 276 778 putat.
322 697 421 758 Mitto
438 698 537 761 aiios:
562 701 705 761 etiamne
729 702 823 761 nobis
846 699 1004 782 expedit?

120 800 179 879 qui
194 804 228 860 et
242 799 430 861 domesticis
445 807 479 863 et
492 802 675 863 forensibus
691 801 815 864 solatiis
837 822 1006 863 ornamen-

119 903 229 980 tisque
245 902 371 983 privati,
387 909 480 979 certe,
503 904 531 964 si
553 910 631 964 ante
650 903 897 981 occidissemus,
920 923 1006 965 mors

120 1025 182 1066 nos
197 1005 338 1082 amalis,
354 1026 419 1067 non
435 1007 565 1068 abonis
581 1007 799 1068 abstraxisset

165 1105 310 1168 XXXV.
354 1105 404 1168 85.
431 1105 483 1169 Sit
498 1108 597 1190 igitur
611 1109 740 1189 aliquis,
757 1109 815 1189 qui
830 1107 910 1171 nihil
927 1109 1005 1170 maii

120 1209 251 1285 habeat,
268 1208 393 1270 nullum
410 1229 429 1270 a
445 1209 576 1272 fortuna
590 1209 710 1272 vulnus
733 1213 910 1293 acceperit:
937 1210 1006 1272 Me·

120 1312 218 1374 telius
232 1312 286 1374 ille
307 1312 473 1374 honoratis
495 1319 652 1393 quattuor
672 1312 766 1390 filiis;
789 1321 825 1374 at
845 1314 1005 1393 quinqua·

119 1414 388 1496 ginta'Priamus,
400 1435 418 1474 e
434 1415 554 1494 quibus
566 1413 789 1496 septendecim
800 1413 892 1495 justa
903 1433 1003 1474 uxore

119 1516 218 1578 natis.
275 1516 313 1578 In
335 1521 474 1596 utroque
497 1517 636 1578 eandem
660 1515 775 1577 habuit
796 1515 928 1576 fortuna
949 1533 1006 1596 po·

119 1625 285 1695 testatem,
308 1619 365 1680 sed
381 1637 442 1680 usa
457 1620 489 1681 in
506 1619 606 1681 altero
623 1624 680 1679 est
728 1615 899 1678 Metellum
917 1617 1006 1678 enirn

120 1720 218 1782 multi
239 1720 308 1798 filii,
329 1718 426 1798 filiae,
448 1733 593 1805 nepotes,
616 1726 730 1803 neptes
752 1721 785 1781 in
802 1739 919 1803 rogum
945 1721 1005 1782 im·

120 1824 512 1906 posueruntpPriamum
542 1829 636 1885 tanta
659 1823 812 1905 progenie
842 1825 1004 1899 orbatum,

119 1947 225 2007 quum
240 1927 273 2013 in
291 1946 382 1987 aram
398 1926 608 2008 confugisset,
625 1926 751 2005 hostilis
767 1945 887 1987 manus
909 1925 1005 1985 inter·

119 2030 208 2092 emit.
255 2029 320 2090 Hic
343 2030 370 2091 si
394 2030 476 2090 vivis
503 2028 587 2105 filiis,
614 2029 772 2090 incolumi
791 2049 901 2112 regno,
921 2028 1004 2090 0οοὶ-

119 2133 232 2209 disset,

495 2233 608 2285 odstdnte
619 2251 664 2302 ope
676 2231 818 2297 bdrboried,

364 2318 444 2372 Tectis
455 2319 566 2382 caeldtis,
578 2321 715 2388 dimicatis.-

118 2429 230 2484 utrum
252 2422 389 2484 tandem
405 2424 544 2499 abonis,
566 2446 607 2485 an
625 2445 645 2484 a
660 2423 756 2484 malis
778 2421 1005 2483 discessisset?

123 2525 210 2586 Tum
237 2526 383 2607 profecto
410 2525 570 2587 videretur
596 2547 617 2586 a
643 2526 747 2586 bonis.
795 2524 841 2585 At
864 2528 948 2584 certe
974 2524 1005 2584 ei

119 2627 238 2689 meiius
253 2629 424 2705 evenisset,
440 2634 584 2690 nectam
607 2627 755 2688 flebiliter
775 2625 832 2688 illa
854 2645 1007 2688 caneren-

120 2735 190 2792 tur:

361 2851 433 2904 Haec
445 2851 528 2904 dmnio
539 2851 592 2904 vidi
602 2851 766 2922 infldmmurt,

361 2938 466 2990 Priame
477 2938 502 2990 vi
512 2943 588 2990 otiam
599 2939 695 3002 evitati,

359 3025 429 3078 Jomis
440 3023 514 3078 dram
525 3025 647 3094 sdnpuine
659 3024 767 3094 mpod.
814 3049 816 3053 ’

1015 2873 1026 2964 ’1

126 3146 233 3224 Quasi
256 3168 332 3209 vero
354 3148 418 3209 ista
440 3149 474 3210 vi
503 3148 686 3229 quidquam
715 3154 788 3210 tum
812 3147 954 3229 potuerit
975 3145 1007 3207 ei

14 3247 15 3252 ’
121 3249 238 3311 meiius
261 3247 423 3311 accidere!
471 3248 574 3325 Quod
601 3251 629 3311 si
651 3255 727 3312 ante
754 3250 935 3325 occidisset,
958 3254 1007 3308 ta·

121 3371 196 3414 men
226 3358 383 3413 eventum
412 3354 548 3414 omnino
586 3353 767 3429 emisisset3
802 3352 864 3412 hoe
893 3354 1006 3410 autem

121 3458 267 3537 tempore
293 3474 428 3517 sensum
458 3455 571 3516 amisit
592 3453 764 3515 malorum.
821 3451 872 3514 86.
910 3449 1007 3510 Pom·
