2420 4102
347 347 448 388 maun
471 347 491 388 1.
536 349 606 389 cnr.
629 349 685 390 xv.
708 348 779 390 xvr.
964 329 1005 392 19

158 511 210 574 35.
237 511 339 588 Quod
362 514 390 574 si
412 514 563 575 omnium
585 535 766 577 consensus
789 521 926 577 naturae
940 537 1005 579 vox

113 621 175 692 est,
191 637 381 696 omnesque,
397 617 454 696 qui
470 617 592 697 ubique
609 623 694 696 sunt,
707 620 919 680 consentiunt
933 640 1005 681 esse

113 719 251 799 aliquid,
267 720 356 800 quo'd
372 720 415 782 ad
430 741 487 782 eos
502 722 673 804 pertineat,
685 723 743 802 qui
752 723 821 783 vita
833 725 1004 786 cesserint:

29 825 33 830 ’
112 824 211 884 nobis
234 843 366 903 quoque
388 823 477 885 idem
506 824 765 886 existimandum
788 831 845 886 est
891 825 937 888 Et
965 827 1003 904 si,

112 946 255 1006 quorum
272 933 331 988 aut
345 927 478 1009 ingenio
495 934 555 989 aut
569 928 688 988 virtute
712 929 843 990 animus
866 929 1005 1008 excellit,

112 1051 170 1090 eos
186 1031 389 1106 arbitramur,
404 1031 485 1110 quia
500 1015 621 1091 natura*
640 1031 767 1112 optima
783 1032 858 1110 sint,
874 1052 1002 1094 cernere

110 1139 251 1194 naturae
281 1133 348 1193 vim
385 1133 545 1193 maxime:
575 1133 643 1194 veri
673 1132 778 1194 simile
808 1139 866 1210 est,
896 1156 1000 1215 quum

110 1234 259 1316 optimus
275 1235 415 1314 quisque
431 1234 575 1295 maxime
591 1235 773 1317 posteritati
790 1236 917 1312 serviat,
929 1257 1000 1297 esse

110 1337 249 1418 aliquid,
265 1338 359 1420 cujus
381 1337 410 1398 is
432 1343 508 1420 post
529 1343 668 1398 mortem
691 1357 825 1398 sensum
848 1338 889 1398 sit
911 1339 1000 1400 habi·

108 1447 214 1510 turus.

154 1542 250 1606 XVI.
294 1542 344 1604 36.
371 1542 437 1605 Sed
453 1547 491 1605 ut
506 1542 586 1604 deos
601 1563 672 1604 esse
688 1546 806 1603 natura
817 1542 999 1624 opinamur,

108 1647 291 1728 qualesque
314 1647 389 1723 sint,
419 1647 547 1708 ratione
576 1645 827 1728 cognoscimus3
856 1646 903 1706 sic
931 1665 999 1727 per·

107 1771 242 1811 manere
265 1749 394 1810 animos
417 1750 610 1811 arbitramur
638 1743 802 1810 *consensu
825 1749 998 1810 nationum

103 1854 277 1914 omniurn:
300 1873 367 1932 qua
381 1852 416 1914 in
432 1852 509 1913 sede
531 1856 698 1928 maneant,
720 1850 899 1932 qualesque
922 1851 998 1928 sint,

106 1956 236 2017 ratione
258 1954 454 2016 discendum
477 1960 535 2015 est
582 1953 686 2036 Cujus
709 1953 873 2036 ignoratio
902 1950 998 2014 finxit

104 2059 228 2121 inferos
252 2078 373 2138 easque
399 2057 600 2133 formidines
623 2077 706 2137 quas
728 2063 766 2118 tu
789 2061 997 2117 contemnere

105 2182 175 2224 non
199 2161 269 2222 sine
290 2181 393 2223 causa
414 2159 574 2220 videbare.
631 2159 670 2220 In
692 2165 810 2220 terram
833 2158 922 2219 enim
944 2178 996 2219 ca·

106 2263 263 2326 dentibus
285 2263 484 2346 corporibus,
510 2261 616 2341 iisque
641 2261 734 2324 humo
756 2261 861 2337 tectis,
888 2280 906 2321 e
929 2281 995 2340 quo

105 2367 234 2429 dictum
250 2366 448 2443 estimari,
464 2365 624 2425 subterra
643 2366 821 2426 censebant
835 2362 995 2441 reliquam

104 2472 211 2532 vitam
235 2469 290 2552 agi
320 2457 533 2530 mortuorum.
596 2467 711 2542 Quam
734 2486 847 2526 eorum
870 2463 995 2545 opinio·

105 2595 183 2636 nem
205 2572 321 2654 magni
352 2592 470 2632 errores
492 2569 661 2633 consecuti
683 2571 769 2643 sunt,
792 2585 874 2646 quos
898 2585 996 2626 auxe-

107 2681 182 2738 runt
198 2680 324 2758 poetae.
368 2673 419 2735 37.
443 2673 611 2754 Frequens
627 2671 716 2732 enim
738 2655 915 2731 consessus
927 2667 995 2729 the-

106 2781 177 2854 atri,
191 2781 225 2840 in
243 2799 309 2858 quo
332 2784 411 2840 sunt
433 2777 644 2839 mulierculae
667 2781 700 2837 et
721 2776 822 2859 pueri,
845 2781 994 2836 movetur

108 2882 246 2945 audiens
262 2886 331 2943 tam
348 2881 470 2964 grande
487 2899 637 2942 carmen:

140 3005 239 3065 Adsum
251 3023 324 3084 atque
336 3014 441 3066 advenio
454 3005 598 3066 Acherunte
609 3011 660 3075 vix,
672 3011 714 3062 via
726 3009 778 3062 alta
790 3018 862 3080 atque
874 3011 965 3075 eruca,

140 3101 192 3153 Per
203 3101 344 3168 speluncas,
355 3100 422 3151 arixis
433 3108 538 3151 structas
550 3097 651 3166 Aspera,
661 3096 832 3166 pendentibus,

138 3185 284 3250 Mdaumir,
291 3185 333 3236 abi
343 3186 428 3253 rigida
441 3193 535 3236 constal
547 3183 635 3236 crassa
647 3183 727 3250 cariqo
738 3183 863 3251 inscium:

107 3313 303 3387 tantumque
326 3305 431 3367 valuit
452 3326 546 3383 error,
572 3305 629 3384 qui
657 3304 738 3365 mihi
768 3301 902 3383 quidem
921 3301 992 3384 jam

108 3409 254 3471 sublatus
270 3408 407 3484 videtur,
422 3413 470 3486 ut,
486 3426 621 3488 corpora
640 3410 783 3466 cremata
805 3422 910 3483 quum
933 3403 992 3464 sci·

108 3519 183 3592 rent,
197 3519 312 3576 tamen
328 3533 369 3572 ea
390 3509 459 3571 fieri
475 3507 565 3592 apud
586 3508 706 3569 inferos
721 3506 889 3587 fingerent,
905 3523 991 3583 quae
