2420 4102
272 317 373 360 mssa
394 319 416 362 1.
460 320 532 364 CAP.
555 321 635 363 XXV·
657 321 752 364 XXVI·
912 303 956 366 33

68 479 183 544 navit?
207 488 267 544 aut
281 483 338 562 qui
352 483 529 546 errantium
544 483 710 547 stellarum
726 505 849 562 cursus,
865 506 954 568 prae·

68 587 261 670 gressiones,
275 586 460 648 institiones
483 586 633 650 notavit?
680 588 807 651 Omnes
822 588 953 672 magni3

68 689 170 750 etiarn
197 688 386 770 superiores,
407 689 466 768 qui
487 690 605 772 fruges,
627 691 685 771 qui
707 691 873 768 vestitum,
895 692 953 772 qui

66 797 167 869 tecta,
177 792 234 871 qui
246 790 372 852 cultum
388 790 484 870 vitae,
495 792 553 872 qui
567 791 729 874 praesidia
744 798 857 854 contra
868 793 953 855 feras

66 895 278 955 invenerunt:
301 914 321 954 a
343 893 463 974 quibus
486 894 706 956 mansuefacti
729 901 763 956 et
784 895 912 956 exculti·
931 915 953 956 a

67 995 257 1057 necessariis
288 993 432 1057 artificiis
455 994 499 1056 ad
521 995 721 1078 elegantiora
743 995 951 1060 defluximus.

69 1098 158 1160 Nam
173 1103 207 1158 et
222 1097 355 1158 auribus
377 1096 554 1160 oblectatio
569 1117 691 1180 magna
707 1104 801 1180 parta
823 1104 882 1176 est,
903 1100 951 1161 in-

65 1206 164 1262 venta
180 1207 213 1262 et
228 1205 410 1282 temperata
425 1200 581 1261 varietate
596 1206 630 1262 et
644 1206 761 1262 natura
777 1220 951 1280 sonorurn;

64 1309 99 1365 et
114 1309 202 1364 astra
218 1303 436 1385 suspeximus,
450 1323 555 1383 quum
578 1323 626 1380 ea,
641 1323 727 1383 quae
749 1310 829 1365 sunt
848 1303 966 1367 infixa·

63 1407 161 1468 certis
176 1405 265 1482 locis,
280 1411 353 1467 turn
368 1405 424 1466 illa
438 1425 505 1467 non
520 1424 562 1483 re,
582 1405 645 1466 sed
662 1405 823 1467 vocabulo
847 1427 950 1467 erran·

63 1510 121 1570 tia.
169 1507 321 1583 Quorum
336 1507 564 1569 conversiones
573 1527 753 1587 omnesque
769 1512 881 1569 motus
892 1509 950 1588 qui

66 1610 223 1696 [animus]
241 1611 332 1688 vidit,
346 1612 375 1672 is
389 1610 512 1687 docuit,
528 1609 669 1672 similem
685 1610 834 1672 animum
850 1631 949 1672 suurn

64 1715 135 1796 ejus
151 1734 233 1790 esse,
254 1714 313 1794 qui
335 1733 375 1774 ea
396 1713 574 1775 fabricatus
589 1717 676 1776 esset
696 1713 731 1775 in
753 1713 854 1775 caelo.
898 1713 949 1776 63.

66 1818 155 1894 Nam
185 1837 289 1898 quum
321 1815 532 1879 Archimedes
557 1815 665 1893 lunae,
689 1816 778 1895 solis,
804 1818 949 1898 quinque

64 1920 242 1981 errantium
264 1925 376 1980 motus
400 1919 435 1981 in
467 1919 638 2000 sphaeram
669 1919 820 2001 illigavit,
842 1917 949 1982 effecit

64 2023 163 2099 idern,
178 2022 267 2103 quod
282 2021 345 2098 ille,
359 2021 418 2102 qui
432 2021 466 2083 in
491 2021 630 2083 Timaeo
653 2021 815 2084 mundum
839 2019 948 2084 aedifi·

64 2127 153 2187 cavit
168 2125 316 2186 Platonis
330 2124 424 2204 deus,
438 2129 478 2186 ut
491 2123 646 2186 tarditate
661 2130 695 2188 et
706 2125 869 2186 celeritate
884 2125 948 2187 dis·

65 2227 247 2288 simillimos
263 2231 374 2289 motus
388 2247 457 2288 una
475 2233 598 2310 regeret
619 2228 796 2290 conversio.
845 2227 948 2303 Quod

65 2331 91 2390 si
106 2331 139 2391 in
158 2329 358 2393 boemundo
373 2328 442 2391 fieri
457 2330 528 2391 sine
549 2330 612 2392 deo
636 2351 701 2392 non
724 2337 841 2412 potest,
857 2351 898 2391 ne
912 2331 947 2392 in

65 2434 200 2514 sphaera
215 2432 349 2514 quidem
367 2432 500 2494 eosdem
521 2437 632 2494 motus
650 2431 861 2494 Archimedes
877 2431 947 2492 sine

65 2536 175 2598 divino
190 2537 323 2620 ingenio
339 2537 500 2618 potuisset
520 2535 649 2596 imitari.
852 2541 855 2546 '

108 2641 235 2703 XXVI.
279 2641 330 2702 64.
356 2640 440 2702 Mihi
463 2661 537 2702 vero
560 2642 601 2700 ne
630 2639 712 2701 haec
733 2637 866 2719 quidem
891 2658 946 2699 no·

65 2743 146 2804 tiora
161 2749 194 2804 et
207 2743 381 2805 illustriora
403 2762 509 2804 carere
531 2742 565 2804 vi
586 2741 700 2804 divina
721 2740 883 2820 videntur,
908 2746 947 2804 ut

66 2864 127 2926 ego
146 2851 204 2907 aut
226 2849 359 2927 potitam
381 2865 479 2928 grave
501 2844 701 2927 plenumque
722 2865 854 2908 carmen
877 2844 947 2906 sine

66 2946 195 3008 caelesti
210 2948 321 3028 aliquo
344 2947 463 3009 mentis
485 2947 643 3010 instinctu
666 2951 780 3030 putem
803 2945 947 3022 fundere,
993 3018 995 3025 Ι

66 3055 124 3110 aut
138 3050 358 3131 eloquentiam
380 3050 451 3112 sine
472 3050 595 3132 majore
617 3049 762 3130 quadarn
782 3049 816 3110 vi
838 3047 946 3125 fluere,

66 3152 286 3216 abundantem
302 3153 495 3214 sonantibus
517 3153 621 3213 verbis
637 3153 855 3230 uberibusque
878 3171 948 3212 sen-

66 3255 181 3316 tentiis.
226 3255 438 3337 Philosophia
449 3254 694 3332 vero,'omniu1n
703 3259 807 3315 mater
817 3253 946 3330 artium,

67 3355 143 3436 quid
170 3363 221 3419 est
249 3357 349 3434 aliud,
371 3357 444 3435 nisi,
466 3361 505 3418 ut
528 3355 632 3432 Plato,
656 3354 791 3432 donum,
813 3360 852 3416 ut
874 3374 946 3436 ego,

67 3455 232 3523 inventurn
248 3456 423 3604 deorum?3
454 3457 548 3520 Haec
563 3477 623 3519 nos
645 3457 789 3540 primurn
811 3455 854 3518 ad
875 3454 945 3516 illo·
