2450 4096
191 259 236 326 44
357 275 619 322 absconsuram
641 275 914 318 ursrurirrouun

193 443 300 508 mulat
329 445 502 526 Epicurus,
532 441 744 504 Democritici
774 447 905 524 negant.
962 441 1015 504 Ne
1044 441 1081 505 in

193 549 305 610 animo
321 548 453 628 quidem
469 546 568 627 igitur
583 565 699 606 sensus
713 550 877 622 remanet;
896 546 967 626 ipse
989 545 1083 607 enim

193 670 358 730 nusquam
374 654 434 712 est.
481 646 546 708 Ubi
570 646 671 728 igitur
693 645 818 709 malum
840 652 899 724 est,
919 647 1083 728 quoniam

194 752 274 816 nihil
289 752 421 813 tertium
437 748 509 812 est‘l
526 769 578 826 an,
590 748 748 829 quoniam
764 749 834 830 ipse
846 749 949 809 animi
960 749 1082 810 disces·

194 875 250 916 sus
266 875 287 916 a
301 873 432 935 corpore
454 872 521 914 non
544 850 582 912 fit
604 852 674 912 sine
696 849 831 912 dolore?
878 850 926 912 Ut
946 851 1082 912 credam

194 957 241 1017 ita
257 976 337 1030 csse,
352 975 452 1034 quam
469 953 566 1015 estid
583 951 757 1036 exiguum!
803 953 850 1015 Et
863 953 983 1015 salsum
1006 973 1082 1014 esse

195 1058 339 1134 arbitror,
361 1061 395 1117 et
415 1053 454 1117 fit
475 1055 666 1137 plerumque
696 1056 766 1116 sine
795 1076 903 1133 sensu,
929 1076 1082 1117 nonnun-

194 1179 295 1239 quam
307 1159 409 1218 etiam
425 1178 501 1219 cum
521 1157 706 1240 voluptate;
727 1164 901 1239 totumque
924 1158 987 1219 hoc
1008 1158 1082 1219 leve

194 1267 253 1337 est,
268 1259 497 1340 qualecunque
512 1269 580 1337 est3
601 1257 640 1320 fit
654 1261 741 1321 enim
758 1259 800 1321 ad
822 1266 982 1342 punctum
997 1266 1081 1321 tem-

194 1364 301 1446 poris:
327 1361 379 1426 83.
403 1362 483 1424 illud
506 1362 599 1444 angit
620 1360 671 1423 vel
693 1363 803 1443 potius
824 1363 995 1439 excruciat,
1015 1362 1081 1424 dis·

195 1487 305 1528 cessus
329 1467 371 1526 ab
394 1467 547 1527 omnibus
569 1464 620 1540 iis,
635 1484 721 1544 quae
737 1471 815 1526 sunt
837 1467 922 1525 bona
945 1465 978 1526 in
1002 1465 1081 1526 vita.

197 1567 295 1646 Vide,
311 1588 351 1628 ne
367 1588 387 1627 a
403 1565 498 1627 malis
525 1565 591 1627 dici
606 1566 711 1627 verius
735 1566 848 1648 possit.
896 1564 990 1641 Quid
1016 1587 1082 1649 ego

195 1689 284 1728 nunc
305 1666 437 1748 lugeam
459 1669 563 1728 vitam
594 1667 788 1728 hominum?
834 1667 919 1729 Vere
949 1674 983 1730 et
1006 1669 1083 1751 jure

195 1788 340 1850 possum.
388 1767 454 1829 Sed
470 1768 550 1848 quid
566 1789 697 1830 necesse
713 1775 772 1846 est,
787 1791 891 1850 quum
913 1769 947 1831 id
970 1792 1082 1853 agam,

195 1891 236 1932 ne
252 1877 327 1954 post
341 1879 479 1933 mortem
496 1872 631 1932 miseros
647 1891 707 1932 nos
717 1879 871 1954 putemus
883 1873 961 1952 fore,
978 1875 1082 1935 etiam

195 1974 298 2034 vitam
328 1972 453 2034 efficere
482 1973 683 2056 deplorando
707 1973 929 2036 miseriorem?
988 1976 1082 2037 Feci-

195 2095 270 2137 mus
286 2076 396 2137 hocin
412 2097 451 2136 eo
467 2076 556 2152 libro,
572 2077 688 2156 inquo
711 2085 841 2139 nosmet
862 2078 960 2160 ipsos,
976 2099 1081 2159 quan·

195 2183 267 2240 tum
283 2181 463 2262 potuimus
479 2179 639 2257 consolati
655 2201 779 2242 sumus.
826 2182 857 2243 A
873 2181 967 2242 malis
980 2184 1082 2264 igitur

195 2301 282 2342 mors
297 2281 441 2358 abducit,
457 2302 522 2343 non
540 2303 560 2343 a
575 2283 689 2358 bonis;
712 2303 823 2344 verum
841 2284 868 2344 si
880 2286 1080 2363 quaerimus,

196 2384 243 2447 Et
257 2386 390 2467 quidem
408 2386 505 2447 hoca
523 2386 702 2469 Cyrenaico
720 2385 864 2469 Hegesia
884 2387 931 2448 sic
946 2389 1080 2469 copiose

195 2488 389 2570 disputatur,
418 2494 457 2551 ut
484 2489 513 2550 is
543 2509 563 2549 a
584 2507 659 2570 rege
683 2487 874 2549 Ptolemaeo
896 2489 1079 2570 prohibitus

194 2611 265 2650 esse
281 2591 408 2652 dicatur
423 2591 478 2651 illa
492 2591 527 2650 in
544 2590 663 2650 sobolis
679 2589 793 2666 dicere,
808 2588 898 2670 quod
951 2590 1021 2669 ult',
1037 2591 1079 2651 iis

195 2690 326 2765 auditis,
343 2696 480 2750 mortem
497 2690 558 2749 sibi
575 2690 637 2770 ipsi
652 2692 898 2755 consciscerent.
965 2671 1101 2798 tasin

236 2789 289 2853 84.
316 2789 509 2851 Callimachi
524 2789 658 2869 quidem
674 2794 877 2876 epigramma
888 2794 922 2854 in
942 2794 1077 2854 Ambra·

194 2891 315 2952 ciotam
341 2891 587 2952 Cleombrotum
610 2899 677 2955 est:
708 2915 807 2975 quem
830 2897 886 2973 ait,
919 2916 1023 2976 quum
1047 2895 1078 2955 ei

193 2991 274 3054 nibil
289 2992 460 3055 accidisset
475 2993 609 3071 adversi,
625 3015 643 3056 e
659 3017 752 3058 muro
774 3018 809 3058 sc
831 2998 866 3058 in
889 3018 977 3058 mare
993 2997 1078 3078 abje-

193 3094 283 3172 cisse,
305 3093 389 3156 lecto
406 3095 553 3159 Platonis
575 3096 666 3159 libro.
720 3098 803 3180 Ejus
829 3108 951 3176 autem,
977 3119 1076 3179 quem

192 3205 268 3282 dixi,
300 3204 461 3287 Hegesiae
492 3206 571 3268 liber
593 3213 651 3284 est,
674 3200 923 3287 Ἀποκαρτερῶν,
947 3209 1035 3288 quod
1057 3229 1077 3269 a

191 3307 260 3369 vita
275 3306 412 3387 quidam
428 3328 483 3388 per
497 3308 642 3370 inediam
658 3308 828 3370 discedens
842 3317 1011 3371 revocatur
1032 3312 1074 3372 ab

192 3410 316 3490 amicis,
339 3410 459 3492 quibus
481 3411 689 3493 respondens,
711 3412 797 3473 vitae
816 3412 980 3474 humanae
997 3433 1074 3474 enu·
