2450 4096
274 986 527 1062 SOMNIUM
568 985 869 1064 SCIPIONIS.

470 1225 685 1240 ἡ

161 1403 361 1461 Irnrarrour
375 1400 522 1461 Platonis¹
537 1402 637 1463 Cicero
650 1405 686 1462 de
700 1403 745 1462 Re
758 1406 872 1480 publica
884 1409 1018 1482 scribens,

118 1499 216 1558 locum
231 1501 316 1557 etiam
330 1501 366 1557 de
380 1501 447 1558 Eris
469 1500 624 1576 Pamphyli
643 1502 735 1557 reditu
749 1501 779 1557 in
792 1503 889 1573 vitam,
909 1505 966 1578 qui,
986 1513 1018 1561 ut

119 1597 172 1666 ait,
190 1615 260 1670 rogo
280 1596 426 1670 impositus
447 1597 605 1667 revixisset,
625 1597 770 1670 multaque
796 1597 833 1654 de
858 1597 955 1655 inferis
975 1617 1019 1656 se-

120 1701 203 1750 creta
228 1703 379 1762 narrasset,
405 1712 462 1749 non
496 1693 631 1764 fabulosa,
664 1701 696 1750 ut
727 1694 784 1764 ille,
818 1695 1017 1754 assimilatione

121 1799 298 1846 commentus
312 1797 362 1860 est,
382 1789 432 1846 sed
451 1789 571 1846 sollertis
592 1790 693 1846 somnii
714 1790 873 1847 rationabili
893 1793 1016 1866 quadam
1055 1831 1060 1840 ·

119 1885 323 1960 imaginatione
363 1887 526 1961 composuit,
568 1887 700 1944 videlicet
742 1889 811 1945 scite
847 1889 1016 1964 significans,

120 1983 194 2039 haee
213 2000 287 2056 quae
307 1982 342 2039 de
362 1983 473 2039 animae
501 1983 710 2040 immortalitate
739 1983 901 2041 dicerentur
926 1984 1017 2041 caelo-

121 2098 191 2154 que,
207 2076 292 2156 [non]
307 2079 505 2136 somniantium
519 2080 748 2155 pbilosophorum
768 2099 831 2138 esse
851 2091 1016 2153 commenta,

121 2195 177 2234 neo
203 2177 312 2233 fabulas
338 2177 523 2247 incredibiles,
550 2195 620 2251 quas
649 2177 784 2252 Epicurei
810 2179 946 2250 derident,
966 2181 1016 2237 scd

122 2272 304 2348 prudentium
330 2271 513 2346 conjecturas.
565 2272 703 2344 insinuat,
731 2272 892 2348 Scipionem
925 2275 1016 2345 illum,

121 2369 181 2443 qui,
203 2352 382 2443 Karthagine
405 2368 563 2443 subjugata,
587 2387 741 2444 cognomen
762 2369 886 2428 familiae
905 2372 1016 2445 peperit

122 2463 300 2534 Africanum,
314 2465 380 2522 huic
395 2463 528 2539 Scipioni,
543 2465 641 2522 Paulli
653 2465 719 2535 filio,
736 2464 845 2522 futuras
865 2484 883 2521 a
902 2465 1015 2540 propin·

121 2560 187 2636 quis
206 2561 322 2618 insidias
349 2570 379 2618 et
403 2561 497 2619 fatalis
522 2571 616 2619 metae
642 2560 809 2617 denuntiare
835 2561 1015 2631 curriculum,

121 2658 198 2732 quod
218 2657 384 2714 necessitate
403 2675 584 2714 numerorum
604 2657 634 2714 iu
651 2657 728 2714 vitae
748 2655 888 2732 perfectae
908 2666 1015 2732 tempo·
1117 2705 1121 2714 .

120 2772 156 2810 ra
175 2761 333 2822 coartetur3
353 2754 489 2828 ponitque
504 2753 588 2831 ⁸illum
608 2754 707 2811 aetatis
727 2772 797 2811 suae
816 2754 1014 2830 quinquagesi-

121 2868 171 2906 mo
190 2867 224 2906 ac
244 2857 326 2906 sexto
346 2867 428 2919 anno,
447 2849 556 2906 duobus
576 2849 605 2905 in
632 2868 663 2907 se
689 2851 855 2909 coeuntibus
881 2853 1015 2923 numeris,

120 2945 279 3002 absolutam
303 2945 381 3002 caelo
400 2945 532 3016 animam,
561 2947 636 3004 unde
656 2955 811 3022 acceperat,
831 2948 1013 3020 redditurum,

120 3039 376 3098 eta—Favonius
390 3039 530 3117 Eulogius
550 3040 650 3100 Comae
666 3043 707 3100 ad
719 3041 814 3100 Sama.
829 3041 907 3120 Scip.

161 3233 300 3291 Nonnulli
312 3235 408 3306 nostri,
422 3242 536 3309 propter
548 3235 688 3309 quoddam
701 3233 955 3310 praeclarissimum
973 3231 1014 3289 lo·

120 3331 227 3406 quendi
240 3349 338 3406 genus,
352 3339 380 3389 et
394 3341 508 3407 propter
527 3331 661 3387 nonnulla
674 3350 748 3405 quae
761 3330 900 3387 veraciter
919 3327 1014 3398 sensit,

938 3447 1009 3460 —

435 3478 698 3568 mmmm
