2420 4102
219 289 245 358 ⁴
392 309 657 356 ruseunsrmsuu
679 309 954 355 nrsrummosurr

221 480 417 545 illustranda
431 488 466 546 et
480 481 655 545 excitanda
672 483 767 544 nobis
783 487 842 561 est,
857 487 905 562 ut,
920 482 949 546 si
964 482 1120 568 occupati

222 587 408 670 profuimus
419 586 545 668 aliquid
554 587 682 649 civibus
694 587 822 665 nostris,
832 588 996 669 prosimus
1006 589 1122 668 etiam,

222 692 250 754 si
265 712 454 775 possumus,
469 691 578 754 otiosi.
622 690 652 753 6.
677 691 714 754 In
738 713 806 774 quo
828 712 868 755 eo
891 693 999 776 magis
1023 695 1122 756 nobis

147 873 153 884 ι
223 803 275 860 est
289 796 537 875 elaborandum,
552 796 642 879 quod
658 795 756 858 multi
767 796 839 879 jam
862 817 934 860 esse
955 795 1029 860 libri
1053 797 1122 860 La·

220 902 282 964 tini
306 901 470 980 dicuntur,
493 901 606 985 scripti
628 900 878 979 inconsiderate,
909 903 951 963 ab
981 902 1120 986 optimis

221 1005 284 1070 illis
300 1005 436 1088 quidem
454 1005 540 1084 viris,
563 1004 622 1068 sed
644 1025 710 1068 non
734 1006 815 1068 satis
837 1005 982 1069 eruditis.
1029 1005 1117 1069 Fieri

221 1114 335 1171 autem
351 1114 469 1192 potest,
484 1115 523 1171 ut
543 1114 630 1171 recte
653 1108 728 1190 quis
750 1109 883 1188 sentiat,
904 1115 938 1172 et
958 1108 1003 1187 id,
1026 1111 1117 1193 quod

221 1213 332 1291 sentit,
362 1213 464 1297 polite
493 1212 605 1294 eloqui
634 1233 701 1275 non
726 1212 847 1297 possit:
870 1213 929 1276 sed
958 1213 1118 1277 mandare

219 1337 423 1400 quemquam
456 1308 572 1380 litteris
607 1317 827 1402 cogitationes
857 1339 947 1398 suas,
972 1318 1030 1399 qui
1058 1339 1117 1382 eas

218 1421 477 1505 nee-disponere,
492 1442 555 1485 nec
569 1421 730 1484 illustrare
753 1421 869 1505 possit,
890 1441 952 1484 nec
974 1421 1117 1485 delecta·

216 1528 307 1590 tione
323 1527 436 1610 aliqua
451 1527 580 1590 allicere
594 1525 760 1603 lectorem,
776 1527 920 1589 hominis
935 1533 985 1589 est
997 1527 1118 1590 intem·

217 1637 368 1714 peranter
394 1632 563 1694 abutentis
589 1635 624 1693 et
649 1631 719 1693 otio
750 1636 783 1692 et
811 1629 936 1693 litteris.
996 1629 1116 1714 Itaque

216 1755 296 1796 suos
312 1735 410 1797 libros
426 1735 490 1818 ipsi
509 1734 626 1818 legunt
647 1755 727 1797 cum
749 1735 829 1812 suis,
852 1755 913 1798 nec
934 1735 1113 1818 quisquam

216 1837 363 1922 attingit,
378 1845 505 1922 praeter
520 1859 587 1916 eos,
602 1838 661 1921 qui
683 1839 824 1901 eandem
846 1838 1015 1902 licentiam
1039 1840 1114 1903 scri·

215 1942 317 2004 bendi
342 1943 407 2004 sibi
432 1942 579 2026 permitti
605 1942 731 2006 volunt.
791 1943 905 2020 Quare
929 1945 958 2006 si
985 1943 1115 2027 aliquid

215 2045 376 2106 oratoriae
391 2044 501 2108 laudis
516 2053 628 2108 nostra
643 2047 819 2110 attulimus
841 2047 1012 2125 industria,
1029 2049 1115 2112 mul·

213 2153 251 2212 to
282 2148 465 2212 studiosius
488 2151 716 2234 philosophiae
742 2150 851 2215 fontes
873 2153 1071 2235 aperiemus,
1094 2175 1114 2216 e
1203 2149 1204 2154 ’

213 2253 336 2335 quibus
352 2253 453 2315 etiam
465 2253 526 2316 illa
541 2257 733 2319 manabant

258 2357 321 2422 IV.
366 2359 395 2422 7.
421 2358 489 2422 Sed
512 2365 551 2422 ut
575 2360 779 2440 Aristoteles,
801 2360 851 2423 vir
871 2361 1113 2452 summo'inge-

212 2462 279 2542 nio,
295 2463 442 2542 scientia,
458 2466 566 2549 copia,
582 2483 687 2546 quum
710 2463 823 2527 motus
846 2471 932 2526 esset
956 2447 1113 2529 isocratis

210 2568 347 2632 rhetoris
363 2568 476 2652 gloria,
496 2569 604 2632 dicere
626 2570 729 2632 etiam
751 2569 863 2652 eoepit
884 2567 1113 2633 adolescentes

210 2669 328 2732 docere
355 2676 389 2733 et
411 2673 620 2754 prudentiam
643 2693 722 2735 cum
744 2673 934 2756 eloquentia
952 2672 1111 2755 jungere:

100 2805 102 2808 ·
211 2773 259 2834 sic
275 2773 370 2835 nobis
391 2772 500 2856 placet
521 2795 583 2836 nec
606 2775 779 2858 pristinum
803 2775 935 2838 dicendi
957 2774 1111 2838 studium

210 2875 374 2958 deponere
390 2877 473 2938 etin
493 2877 555 2940 hae
576 2878 701 2961 majore
724 2885 758 2942 et
779 2879 927 2942 uberiore
950 2884 1018 2941 arte
1042 2899 1111 2940 ver-

209 2979 284 3042 sari.
331 2979 429 3043 Hanc
444 2982 534 3044 enim
553 2983 733 3066 perfectam
756 2979 1001 3066 philosophiam
1024 3001 1110 3044 sem·

210 3103 267 3168 per
288 3083 450 3166 Judicavi,
479 3103 566 3169 quae
596 3087 638 3149 de
668 3088 834 3150 maximis.
853 3087 1109 3169 quaestionibus

210 3187 345 3270 copiose
360 3195 473 3272 posset
488 3195 669 3272 ornateque
685 3170 836 3253 diceres*-
847 3189 886 3253 In
901 3208 1004 3271 quam
1020 3209 1108 3252 exer·

209 3292 404 3355 citationem
435 3291 484 3355 ita
510 3315 570 3356 nos
597 3294 746 3356 studiose
775 3293 939 3371 dedimus,
968 3299 1008 3356 ut
1034 3293 1106 3376 jam

208 3398 311 3460 etiam
334 3396 464 3460 scholas
491 3397 694 3460 Graecorum
716 3419 807 3460 more
830 3399 949 3460 habere
971 3397 1109 3460 audere*

208 3521 303 3566 mus:
327 3506 366 3565 ut
379 3521 484 3585 nuper
498 3505 596 3564 tuum
619 3506 696 3586 post
710 3499 894 3564 discessum
916 3501 951 3563 in
977 3496 1106 3565 Tuscu·
