2450 4096
223 291 267 356 96
596 311 747 369 uramus,

223 482 344 546 eversis
366 481 603 545 inimicissimis
633 481 711 544 huic
740 481 888 566 imperio,
919 501 986 545 non
1017 481 1125 545 modo

223 588 419 671 praesentia,
449 607 562 649 verum
592 587 695 648 etiam
724 585 836 648 futura
873 585 959 650 bella
988 587 1123 650 delevit

226 692 321 770 Quid
336 693 447 755 dicam
463 692 504 754 de
517 692 662 754 moribus
678 689 866 754 facillimis?
891 690 932 753 de
944 691 1068 775 pietate
1084 692 1123 754 in

222 795 389 860 matrem?
419 796 615 859 liberalitate
643 796 679 858 in
709 794 861 858 sorores?
903 797 1053 859 bonitate
1083 798 1121 859 in

223 899 325 964 suosl
352 901 484 985 justitia
513 902 548 964 in
579 898 720 964 omnesl
782 899 874 964 Nota
903 907 983 962 sunt
1012 901 1120 967 vobis.

226 1005 341 1082 Quam
358 1011 472 1067 antem
487 1005 615 1068 civitati
631 1025 726 1067 carus
741 1005 851 1085 fuerit,
865 1025 1012 1068 maerore
1026 1005 1121 1067 fune·

221 1110 266 1171 ris
280 1108 467 1171 indicatum
482 1114 541 1170 est.
589 1107 684 1186 Quid
705 1109 807 1193 igitur
829 1110 918 1172 hunc
932 1130 1120 1193 paucorum

222 1233 385 1275 annorum
409 1213 555 1276 accessio
581 1211 698 1296 juvare
721 1211 906 1302 potuisset?
954 1211 1120 1276 Senectus

221 1319 321 1397 enim,
336 1319 490 1401 quamvis
506 1339 574 1381 non
597 1319 641 1383 sit
661 1320 781 1404 gravis,
802 1325 841 1382 ut
863 1319 1001 1381 memini
1020 1319 1121 1383 Cato-

221 1445 299 1487 nem
322 1443 411 1488 anno
435 1430 637 1506 antequam
661 1430 812 1486 mortuus
841 1430 902 1502 est,
928 1444 1061 1486 mecum
1083 1430 1120 1487 et

221 1550 298 1594 cum
314 1528 471 1613 Scipione
487 1530 653 1607 disserere,
667 1533 782 1592 tamen
798 1529 906 1592 aufert
920 1549 995 1592 eam
1011 1529 1120 1591 viridi-

220 1641 335 1713 tatem,
349 1637 384 1698 in
401 1656 468 1717 qua
483 1637 669 1699 etiamnum
685 1641 756 1698 erat
773 1635 896 1719 Scipio.
944 1635 1119 1713 Quamob-

220 1760 289 1800 rem
312 1740 381 1802 vita
403 1739 540 1821 quidem
562 1740 639 1802 talis
662 1741 736 1819 fuit,
751 1740 804 1803 vel
826 1741 968 1819 fortuna,
983 1740 1035 1804 vel
1050 1740 1119 1825 glo·

220 1844 278 1921 ria,
300 1849 339 1906 ut
360 1843 441 1906 nihil
463 1849 577 1927 posset
606 1844 778 1908 accederet
810 1845 972 1908 moriendi
1001 1851 1118 1907 autem

221 1969 355 2011 sensum
372 1947 520 2012 celeritas
535 1948 673 2012 abstulit
683 1969 692 2026 ;
715 1948 839 2031 quode
860 1970 978 2034 genere
1001 1950 1118 2012 mortis

220 2050 353 2114 difficile
375 2053 468 2115 dictu
484 2059 551 2132 est,
573 2053 655 2135 quid
671 2054 823 2116 homines
839 2054 1056 2137 suspicentur,
1071 2055 1120 2116 vi-

221 2155 316 2219 detis.
364 2155 439 2219 Hoc
453 2163 567 2220 tamen
582 2179 655 2220 vere
671 2157 749 2222 licet
763 2159 879 2236 dicere,
902 2158 937 2220 P.
956 2158 1117 2240 Scipioni,
1215 2203 1216 2210 κ

220 2281 260 2324 ex
277 2260 389 2326 multis
405 2261 532 2341 diebus,
547 2283 632 2345 quos
651 2264 687 2326 in
709 2264 779 2326 vita
801 2262 1027 2326 celeberrimos
1049 2263 1117 2326 lae·
1213 2325 1215 2332 χ

219 2367 434 2449 tissimosque
450 2367 578 2449 viderit,
593 2367 687 2430 illum
710 2368 800 2430 diem
821 2367 1041 2430 clarissimum
1065 2368 1117 2430 su·
1214 2415 1215 2420 η

59 2541 63 2549 ,
154 2497 156 2500 ·
219 2471 294 2549 isse,
310 2493 425 2554 quum,
441 2479 560 2536 senatu
575 2473 724 2550 dimisso,
740 2472 879 2535 domum
895 2472 1050 2535 reductus
1072 2472 1118 2534 ad

219 2597 393 2660 vesperum
408 2584 460 2640 est
474 2599 495 2640 a
510 2579 659 2662 patribus
674 2577 877 2660 conscriptis,
900 2576 1024 2660 populo
1049 2576 1117 2640 Ro-

219 2701 331 2758 mano,
353 2681 452 2743 sociis
475 2687 509 2744 et
533 2681 674 2763 Latinis,
697 2681 801 2764 pridie
823 2702 925 2764 quam
942 2681 1082 2744 excessit
1096 2702 1117 2744 e
1213 2681 1214 2692 ’

218 2784 307 2846 vita:
334 2790 374 2846 ut
402 2804 443 2845 ex
471 2789 542 2846 tam
572 2784 640 2847 alto
670 2784 844 2869 dignitatis
867 2786 972 2870 gradu
995 2786 1039 2848 ad
1062 2807 1117 2848 su·

219 2907 315 2970 peros
344 2886 496 2950 videatur
523 2887 604 2950 deos
634 2889 756 2972 potius,
786 2911 889 2972 quam
919 2890 963 2953 ad
992 2891 1117 2953 inferos

131 2988 134 2995 ’
218 2993 413 3076 pervenisse.
517 3077 518 3080 Ἴ

264 3095 327 3162 IV.
353 3097 471 3180 Neque
492 3099 581 3162 enim
598 3101 759 3163 assentior
773 3100 824 3178 iis,
839 3101 899 3182 qui
913 3103 996 3164 haec
1011 3122 1119 3185 nuper

218 3201 375 3266 disserere
397 3210 586 3288 coeperunt,
609 3197 686 3267 cum
709 3207 899 3288 corporibus
922 3205 1023 3270 simul
1046 3208 1119 3270 ani-

218 3327 292 3370 mos
322 3308 462 3385 interire,
485 3315 586 3391 atque
608 3309 723 3372 omnia
746 3315 851 3372 morte
877 3310 988 3374 deleri.
1036 3311 1119 3375 Plus
1210 3349 1211 3392 ,

218 3413 309 3497 apud
324 3435 378 3476 me
394 3414 608 3496 antiquorum
620 3415 801 3478 auotoritas
817 3415 916 3498 valet,
927 3416 979 3479 vel
991 3423 1122 3480 nostro-
1210 3403 1211 3472 l
