2450 4096
20 465 22 548 l

297 357 388 399 noun
412 359 516 400 rinsr.
561 359 656 401 enar.
680 361 727 402 111.
751 360 797 404 nv.
929 342 988 409 111

139 501 174 556 m
192 504 285 558 ul
291 505 368 572 polite
388 504 470 574 eloqui
488 523 539 557 non
556 505 641 574 possit.
675 507 713 559 Et
732 507 754 560 is
775 508 838 561 here
861 508 992 581 elegantly

20 601 21 616 ¹
110 591 204 642 medin
216 592 262 644 the
274 607 348 643 sense
361 591 422 642 olet
434 601 525 643 tomen.
559 591 594 644 So
607 592 720 660 Tacitus,
732 595 798 646 Htu
810 594 845 646 II.
857 614 921 649 xxm
937 614 991 666 epe·

107 677 175 729 dosis
186 688 208 730 et
220 679 298 730 inuitis
310 679 457 730 nominibus.

141 764 203 823 Qui.
213 803 219 815 .
229 803 236 816 .
247 765 348 834 possit.
388 763 439 816 See
451 771 513 816 note
525 782 560 816 on
571 763 589 816 i.
603 772 615 816 1
626 783 632 817 ε
651 750 715 834 quire
724 804 731 818 .
740 804 763 821 ..
774 768 949 836 pertinerent.

141 851 202 902 Oum
213 853 275 903 suis.
308 856 322 883 “
336 850 371 902 H.
381 868 403 902 e.
417 850 455 902 sui
468 850 618 903 similibus.'’
650 858 665 884 ‘⁴
674 851 726 904 Mit
740 852 991 924 Gleichgesinnten.”

141 939 270 991 Oratotiue
282 939 372 990 laudis.
405 937 440 990 So
453 938 573 1002 Kiihner,
586 939 675 1004 Klotz,
690 939 816 1010 Tregder,
828 943 881 994 and
892 942 988 996 others.

20 1071 21 1114 ζ
107 1023 185 1078 Orelli
196 1028 250 1079 and
261 1027 359 1090 Moser,
371 1027 495 1078 oratoriae
507 1027 586 1078 laudi.

138 1115 279 1167 Attulimus.
316 1115 376 1166 scit.
383 1115 480 1182 populo
492 1115 617 1168 Romano.

135 1201 184 1254 Illo
195 1203 341 1254 manabunt.
376 1203 450 1254 “Idu
469 1201 638 1254 referendum
657 1209 697 1255 est
714 1204 747 1255 ad
767 1205 871 1274 aliquid,
889 1204 917 1257 in
936 1223 989 1276 quo

20 1367 25 1374 .
104 1285 166 1340 inest
177 1289 250 1341 notio
263 1288 366 1341 numeri
378 1288 485 1357 pluralis
499 1289 607 1358 (aliqua,
619 1290 785 1359 nonnulla).''
819 1291 940 1346 Kiihner.

133 1374 181 1428 IV.
214 1381 239 1428 7.
259 1376 411 1427 Aristoteles.
448 1375 490 1428 cf.
504 1376 606 1427 adrem
623 1375 664 1428 De
680 1376 750 1428 Orat.
764 1375 813 1428 ΠΙ.
825 1395 912 1430 xxxv.
927 1384 987 1432 141.

20 1431 21 1436 ’
106 1459 254 1526 Quintilian,
267 1463 328 1513 rue.
345 1462 414 1514 orat.
426 1460 474 1512 111.
488 1469 512 1514 1.

135 1551 261 1602 Scientia:
279 1555 293 1582 “
302 1548 443 1601 multifaria
454 1549 597 1601 doetrina.”

138 1637 234 1704 Copia:
251 1641 266 1668 ‘⁸
267 1637 370 1705 flumen
382 1635 505 1688 orationis
517 1637 652 1688 aureum.”

132 1724 225 1776 Dicere
235 1761 241 1774 .
251 1760 258 1774 .
268 1761 275 1774 .
285 1725 414 1791 .junpere.
452 1723 537 1775 'Hese
555 1722 696 1775 infinitiues
714 1724 819 1793 depend
835 1724 900 1777 each
914 1741 987 1795 upon

20 1827 21 1848 ¹
103 1811 194 1864 docere.
231 1811 438 1864 Etiamistobe
451 1811 531 1864 taken
544 1811 606 1864 with
618 1813 709 1866 dicere.

132 1899 343 1950 Prudentium=
348 1899 541 1966 philosophiam.
573 1904 588 1930 “
596 1900 644 1950 Pr.
656 1917 680 1951 c.
694 1900 756 1970 eloq.
763 1901 874 1970 junpere
883 1929 918 1950 =
925 1919 987 1970 pru·

102 1987 201 2040 dentiae
213 1987 389 2056 eloquentiam
401 1986 571 2056 adjungere.'’

132 2075 300 2127 Νεο....εἰ.·
318 2075 564 2126 bothnot....and.
600 2072 639 2124 M.
657 2075 780 2141 §ttae
818 2073 849 2126 Z.
868 2073 985 2142 §338in

102 2159 142 2212 fin.
175 2161 243 2214 Like
255 2165 314 2215 οὔτε
324 2199 330 2212 .
341 2199 347 2212 .
357 2199 363 2211 .
374 2163 418 2214 ,τέ
429 2160 456 2212 in
470 2159 566 2214 Greek.

137 2249 203 2308 Quae
213 2286 220 2300 .
230 2286 237 2299 .
247 2286 253 2299 .
263 2286 270 2298 .
275 2258 370 2316 posset.
407 2247 462 2300 For
478 2265 512 2299 an
531 2245 699 2315 explanation
712 2247 743 2300 of
755 2248 800 2301 the
812 2257 879 2300 tense
892 2249 923 2300 ol
935 2248 986 2300 this

101 2336 169 2398 verb,
181 2354 225 2388 see
238 2344 301 2388 note
313 2353 347 2388 on
360 2335 375 2388 i.
393 2342 418 2400 1,
426 2336 582 2403 pertinerent
593 2336 646 2387 and
657 2337 832 2396 contineretur.

132 2423 184 2474 Nos
201 2425 311 2474 studiose
329 2423 451 2474 dedimus.
489 2421 562 2474 Thus
576 2430 642 2474 most
654 2430 745 2474 recent
757 2421 852 2474 editors
864 2422 936 2486 read,
949 2421 985 2473 al-

20 2487 22 2498 *
102 2507 193 2578 though
212 2510 257 2562 the
269 2509 352 2560 MSS.
366 2508 509 2578 generally,
521 2509 574 2560 and
591 2526 670 2577 many
683 2509 787 2573 editore,
798 2508 861 2560 read
877 2525 922 2559 uos
933 2517 984 2558 stu-

101 2596 165 2646 dioso
177 2613 279 2664 operam
291 2597 413 2648 dedimus.

103 2707 105 2712 v
133 2683 468 2750 Scholas=disputationes
479 2683 676 2750 philosophicae.
713 2680 862 2734 “Ceterum
873 2679 985 2732 haedis-

99 2770 249 2837 putntiones,
259 2787 324 2839 quas
337 2769 437 2821 Tullius
448 2771 544 2822 sciolus
556 2769 678 2839 appellat,
688 2768 813 2822 differunt
824 2769 857 2822 ab
869 2769 907 2834 iis,
916 2786 984 2839 quae

99 2857 201 2926 proprio
211 2857 316 2909 nomine
329 2858 524 2925 disputationum
533 2865 668 2920 vocantur,
677 2857 766 2927 quales
777 2865 838 2909 sunt
847 2857 984 2910 Academi·

20 2993 21 2996 ,
100 2959 150 3007 eae,
162 2944 195 2995 de
207 2943 326 3007 Finibus,
337 2944 372 2995 de
390 2943 426 2996 N.
448 2943 491 3008 D,
509 2945 543 2996 de.
562 2944 739 2997 Divinatione.
774 2945 805 2995 ln
817 2946 905 2996 scholis
918 2961 984 2996 unus

99 3035 142 3093 ost,
163 3029 204 3098 nui
223 3029 288 3082 velit
307 3028 403 3094 doceri,
422 3029 496 3093 alter,
508 3029 553 3099 qui
572 3031 678 3094 doceat,
696 3029 820 3082 auditoris
831 3037 918 3098 partes
937 3047 983 3082 eae

99 3123 164 3180 sunt,
175 3124 205 3168 ut
217 3133 296 3186 parce
313 3117 476 3186 obloquatur,
489 3135 576 3186 neque
594 3117 644 3170 alio
663 3115 776 3180 eonsili0,
793 3114 841 3166 nisi
860 3123 890 3166 ut
908 3115 983 3167 alteri

99 3203 244 3256 facultatem
256 3205 382 3272 praebeat
395 3222 467 3256 suam
486 3205 633 3273 explicandi
646 3202 814 3265 sententiam
832 3200 859 3253 in
872 3203 983 3271 disputa-

20 3355 21 3358 ,
99 3290 201 3342 tiomlrus
212 3291 343 3343 variarum
355 3291 548 3360 disciplinarum
558 3289 701 3360 philosophi
713 3291 874 3341 inducuntur
884 3288 921 3340 ita
933 3288 983 3340 dis·

99 3374 223 3446 putantes,
236 3386 266 3430 ut
278 3395 340 3430 suae
352 3376 462 3447 quisque
475 3386 560 3430 sectae
573 3377 727 3429 sententiam
740 3377 885 3428 defendat.”

130 3466 297 3518 Auderemus.
335 3466 387 3518 We
400 3465 492 3517 should
505 3473 600 3535 expect
611 3465 674 3516 here
687 3465 732 3516 the
744 3473 847 3532 present
858 3470 931 3516 tense
944 3461 981 3513 in·

99 3552 167 3605 etead
186 3553 217 3606 of
230 3553 275 3606 the
294 3551 444 3623 imperfect3
461 3551 516 3618 but,
528 3569 556 3604 as
568 3551 657 3604 Moser
676 3549 799 3616 remarks,
814 3549 905 3603 Cicero
917 3565 981 3618 very
