2420 4102
211 231 234 296 2
379 249 644 294 TUSCULANARUM
667 247 941 292 DISPUTA’I'IONUM

212 419 402 482 melioribus
432 423 699 502 temperaverunt
728 421 762 479 et
790 417 952 479 institutis
974 422 1010 480 et
1031 416 1099 502 legi

212 527 285 588 bus.
334 525 428 601 Quid
444 525 560 604 loquar
574 521 615 583 de
631 543 664 584 re
680 520 836 582 militari?
859 522 892 583 in
916 543 984 602 qua
1002 542 1111 602 quum

212 631 332 692 virtute
351 629 451 690 nostri
467 627 611 690 multum
627 625 812 702 valuerunt,
827 631 898 688 tum
917 625 990 708 plus
1006 627 1114 687 etiam

213 733 397 817 disciplina.
451 729 529 794 Jam
553 730 620 810 illa,
643 750 730 810 quae
753 736 881 806 natura,
904 749 968 790 non
993 728 1114 792 litteris

212 839 358 902 assecuti
382 843 470 916 sunt,
494 857 601 918 neque
628 855 705 898 eum
731 834 881 912 Graecia,
911 855 1019 914 neque
1042 834 1115 896 ulla

214 967 291 1007 eum
309 950 407 1026 gente
423 951 502 1005 sunt
524 943 731 1004 conferenda.
779 940 879 1018 Quae
902 943 991 1004 enim
1014 949 1113 1005 tanta

214 1049 369 1132 gravitas,
385 1068 472 1128 quae
487 1053 583 1108 tauta
605 1046 803 1124 constantia,
819 1047 1017 1130 magnitudo
1041 1049 1114 1108 ani-

215 1153 271 1228 mi,
287 1153 443 1235 probitaS,
458 1149 552 1230 fides,
573 1172 660 1232 quae
683 1157 754 1214 tam
777 1151 938 1212 excellens
960 1151 993 1212 in
1018 1151 1112 1212 omni

215 1277 332 1339 genere
348 1256 452 1317 virtus
467 1255 502 1317 in
518 1254 593 1317 ullis
610 1256 682 1332 fuit,
703 1261 742 1316 ut
764 1255 808 1316 sit
830 1276 907 1316 cum
930 1255 1115 1336 majoribus

215 1361 335 1424 nostris
351 1358 599 1444 comparanda?
644 1358 674 1422 3.
705 1357 866 1422 Doctrina
891 1359 1031 1421 Graecia
1050 1380 1114 1420 nos

217 1472 251 1528 et
280 1465 372 1528 omni
401 1465 583 1528 litterarum
614 1484 732 1546 genere
762 1464 957 1545 superabat:
987 1463 1021 1524 in
1044 1484 1114 1544 quo

216 1577 285 1632 erat
300 1569 395 1631 facile
408 1571 536 1630 vincere
549 1589 615 1629 non
627 1573 859 1650 repugnantes.
906 1567 995 1630 Nam
1006 1588 1114 1648 quum

216 1672 306 1754 apud
326 1673 472 1734 Graecos
488 1672 759 1752 antiquissimum
777 1671 916 1734 edoctis
940 1693 1045 1754 genus
1069 1672 1115 1733 sit

155 1772 159 1786 ¹
216 1779 400 1859 poetarum,
421 1775 585 1858 siquidem
611 1775 777 1838 Homerus
799 1776 864 1838 fuit
886 1781 920 1838 et
944 1775 1115 1838 Hesiodus

217 1885 295 1942 ante
323 1879 467 1943 Romam
494 1879 674 1955 conditam,
707 1879 924 1942 Archilochus
953 1887 1113 1962 regnante

218 1983 374 2059 Romule,
386 1984 488 2045 serius
502 1987 579 2066 poe't
580 1984 667 2044 icam
681 2004 741 2044 nos
754 1985 956 2066 accepimus.
1004 1985 1114 2047 Annis

217 2087 306 2148 enim
322 2086 387 2148 fere
403 2107 455 2148 ox
472 2092 548 2169 post
571 2086 714 2174 Romam
731 2087 902 2158 conditam
927 2088 1043 2150 Livius
1067 2089 1115 2150 fa·

216 2189 331 2251 bulam
347 2189 438 2252 dedit
439 2163 499 2304 ,.(C
513 2190 653 2254 Claudio
671 2191 769 2254 Caeci
786 2191 864 2268 filio,
880 2192 926 2254 llll.
939 2192 1044 2254 Tudit
1031 2199 1112 2254 tano

216 2294 417 2374 consulibus,
433 2316 520 2358 anno
535 2300 612 2357 ante
636 2303 753 2358 natum
778 2295 1115 2390 Ennium,uffl1ifuit

180 2457 184 2464 .
216 2402 321 2486 major
336 2409 418 2465 natu
434 2424 536 2484 quam
554 2402 694 2464 Plautus
711 2408 745 2462 et
763 2401 920 2464 Naevius.

261 2509 303 2571 ΙΙ.
330 2509 409 2571 Sero
425 2509 526 2591 igitur
542 2529 562 2569 a
578 2507 697 2570 nostris
713 2511 831 2590 politae
847 2507 898 2570 vel
921 2507 1045 2590 cogniti
1062 2506 1114 2570 vel

215 2612 346 2690 recepti.
395 2610 614 2689 Quamquam
637 2615 688 2670 est
709 2611 744 2671 in
762 2610 974 2693 Originibus,
998 2611 1113 2675 solitos

216 2732 288 2772 esse
301 2711 334 2772 in
345 2711 451 2793 epulis
464 2732 581 2773 canere
591 2713 748 2773 convivas
760 2713 802 2774 ad
816 2715 985 2776 tibicinem
998 2713 1039 2776 de
1050 2715 1113 2777 cla-

214 2836 324 2886 rorum
342 2815 515 2877 hominum
530 2815 725 2896 virtutibus;
741 2818 895 2880 bonorem
909 2824 1022 2880 tamen
1036 2819 1114 2881 huie

217 2919 328 3002 generi
344 2940 409 2981 non
426 2920 538 2998 fuisse,
553 2919 698 2983 declarat
710 2923 814 2985 oratio
831 2922 978 3004 Catonia
994 2923 1029 2985 in
1046 2945 1113 3006 qua

217 3022 347 3104 objecit,
363 3030 401 3086 ut
415 3026 580 3108 probrum,
599 3023 644 3086 llll.
663 3025 834 3102 Nobiliori,
846 3025 935 3106 quod
951 3026 979 3086 is
996 3027 1029 3088 in
1043 3049 1113 3110 pro-

218 3127 361 3190 vinciam
378 3132 492 3211 politas
505 3129 665 3192 duxisset.
711 3129 859 3192 Duxerat
871 3134 984 3191 autem
997 3130 1113 3202 consul

217 3232 270 3302 ille
285 3233 320 3294 in
338 3233 515 3310 Aetoliam,
537 3240 576 3298 ut
592 3235 725 3312 seimus,
742 3234 901 3296 Ennium.
950 3232 1030 3310 Quo
1055 3237 1112 3298 mi·

152 3395 156 3402 .
217 3358 281 3400 nus
297 3337 397 3420 igitur
413 3337 544 3399 honoris
563 3343 632 3400 erat
648 3338 763 3420 politis,
787 3359 826 3398 eo
850 3339 978 3399 minora
1001 3339 1111 3400 studia

218 3441 367 3522 lueruut;
395 3461 457 3503 neo
478 3445 602 3519 tamen,
626 3442 653 3504 si
677 3441 735 3521 qui
758 3443 889 3524 magnis
911 3442 1055 3524 ingeniis
1079 3444 1109 3504 in
