2450 4096
311 865 494 956 erro
547 843 831 958 urion

378 1073 476 1124 GAP.
494 1074 758 1134 ,xxa-xxm.

473 1257 662 1279 Q

163 1400 256 1468 XXI.
280 1403 443 1475 Eourunn
466 1427 533 1470 non
552 1406 659 1485 video,
675 1427 740 1484 eur,
756 1407 837 1488 quid
851 1408 922 1492 ipse
938 1431 1010 1472 seu·

121 1508 202 1570 tiam
218 1507 259 1570 de
275 1514 389 1587 morte,
403 1529 471 1572 non
491 1510 635 1584 audeam
660 1510 752 1572 vobis
774 1510 898 1573 diaere:
920 1512 1011 1593 quod

121 1634 159 1675 eo
175 1612 294 1676 melius
310 1615 392 1677 mihi
406 1633 535 1677 eernere
546 1615 668 1693 videor,
683 1635 750 1696 quo
767 1615 809 1676 ab
825 1635 865 1676 ea
876 1617 1011 1698 propius

121 1719 247 1779 absum.
304 1717 379 1801 Ego
401 1724 527 1780 vestros
550 1725 668 1802 patres,
692 1718 727 1781 P.
753 1717 875 1803 Scipio,
898 1725 1011 1800 tuque,

20 1861 22 1884 r
124 1821 158 1882 Ο.
176 1815 281 1899 Laeli,
296 1821 390 1883 viros.
405 1821 603 1884 clarissimos
619 1822 766 1903 mihique
782 1823 1011 1902 amicissimos,

120 1926 226 1986 vivere
249 1925 392 2004 arbitror,
415 1931 449 1988 et
470 1946 546 1988 eam
568 1925 704 2007 quidem
727 1927 841 2003 vitem,
857 1941 943 2007 quae
961 1933 1012 1990 est

121 2029 189 2091 sola
204 2029 275 2091 vita
293 2029 506 2092 nominanda.
553 2029 652 2108 Nam,
667 2030 749 2092 dum
771 2050 888 2092 sumus
911 2030 945 2092 in
959 2031 1010 2092 his

119 2133 237 2196 inclusi
253 2134 473 2216 compagibus
483 2133 635 2216 corporis,
645 2153 780 2196 munere
796 2133 942 2215 quodam
959 2155 1013 2196 ne·

120 2237 282 2298 cessitatis
305 2243 339 2299 et
360 2237 453 2320 gravi
469 2257 565 2319 opere
581 2237 825 2320 perfungimur:
848 2242 899 2300 est
921 2239 1010 2300 enim

120 2341 252 2402 animus
268 2339 418 2402 caelestis
430 2361 470 2402 ex
483 2340 645 2403 altissimo
657 2340 826 2403 domicilio
837 2341 1011 2422 depressus

120 2451 152 2509 et
165 2446 264 2527 quasi
280 2445 447 2510 demersus
471 2446 654 2523 interram,
676 2444 788 2512 locum
810 2444 942 2506 divinae
956 2466 1011 2508 nu·
1060 2479 1065 2487 ·

119 2555 212 2612 turae
228 2550 481 2631 aeternitatique
496 2549 706 2614 contrarium.
753 2546 820 2610 Sed
835 2547 942 2625 credo,
957 2547 1012 2610 de·

119 2673 154 2715 os
176 2652 382 2717 immortales
405 2654 562 2736 sparsisse
585 2652 715 2714 animos
737 2651 772 2714 in
795 2669 930 2735 corpora
952 2651 1012 2714 hu·

119 2777 228 2836 mana,
252 2762 290 2820 ut
312 2764 431 2836 essent,
459 2758 517 2839 qui
547 2763 648 2820 terras
679 2762 857 2834 tuerentur,
888 2757 1012 2838 quique

120 2860 311 2924 caelestium
334 2860 483 2924 ordinem
513 2859 784 2944 contemplantes,
806 2860 1013 2922 imitarentur

121 2984 196 3026 eum
227 2964 316 3026 vitae
346 2963 447 3026 modo
478 2967 579 3045 atque
613 2964 811 3026 constantia.
856 2963 929 3026 Nee
957 2983 1012 3026 me

120 3067 225 3130 solum
248 3067 333 3129 ratio
356 3067 396 3129 ae
419 3062 601 3150 disputatio
623 3066 766 3150 impulit,
781 3071 821 3128 ut
842 3067 890 3128 ita
905 3065 1012 3128 erede-

112 3185 195 3249 rem,
230 3161 288 3232 sed
318 3169 475 3233 nobilitas
498 3171 600 3234 etiarn
629 3190 835 3233 summorum
869 3168 1012 3252 philoso-

120 3275 258 3356 phorum
282 3279 316 3336 et
337 3275 525 3338 auotoritas
572 3274 759 3338 Audiebam
786 3270 1012 3358 Pythagoram

122 3375 421 3462 Pythagoreorque,
443 3378 569 3441 incolas
591 3399 697 3460 paene
716 3383 858 3454 nostros,
881 3377 940 3457 qui
962 3395 1011 3438 es-

122 3486 193 3543 sent
209 3480 317 3544 italici
338 3462 532 3566 philosophi
548 3480 719 3564 quondam
741 3480 915 3559 nominati,
930 3491 1013 3542 uun·
